2079 2773
1 0 172 31 mammals
193 10 52 21 are
265 0 214 31 herbivorous
499 10 37 21 or
554 10 91 21 more
665 0 223 31 omnivorous.
910 1 104 38 Many

2 47 38 31 of
56 47 88 31 these
166 47 120 39 species
306 47 60 31 live
387 47 32 30 in
440 47 53 31 the
514 47 98 31 lower
632 47 184 39 vegetation
838 52 110 32 strata,
971 47 42 31 al-

1 94 126 39 though
146 104 89 21 some
255 104 52 21 are
326 94 104 31 found
450 99 32 26 at
501 94 41 31 all
560 94 104 31 levels.
684 95 58 30 We
761 94 164 39 recognise
944 94 70 31 that

1 142 88 31 these
110 152 53 21 are
183 142 265 39 generalisations
470 142 63 31 and
554 142 71 31 that
645 142 53 31 the
719 142 209 31 distribution
950 142 63 31 and

1 189 126 39 density
147 189 38 31 of
201 190 151 30 Bornean
371 189 172 31 mammals
563 189 25 30 is
608 189 144 39 strongly
771 189 181 31 influenced
972 189 42 39 by

1 236 186 31 conditions
205 236 78 31 such
301 246 34 21 as
353 236 69 37 soil,
441 236 144 37 altitude,
603 236 128 31 climate
748 236 64 31 and
830 236 184 39 vegetation

1 288 74 34 type
96 283 157 39 (Bernard
273 284 93 36 2004;
386 283 98 31 Wells
503 283 106 38 2005).
631 283 79 37 Still,
731 283 88 31 there
839 283 25 30 is
884 283 130 39 enough

1 331 214 31 information
230 336 34 26 to
281 336 128 34 suggest
425 341 89 21 some
529 331 202 39 consistency
746 331 33 30 in
794 331 74 31 how
883 331 131 39 logging

2 378 110 31 affects
132 378 176 39 particular
328 379 150 30 Bornean
498 378 181 31 mammals.
701 378 102 31 These
823 378 190 39 generalisa-

1 425 86 31 tions
107 435 53 21 are
180 425 179 39 important
378 425 138 31 because
535 425 75 39 they
630 425 134 39 provide
784 425 53 31 the
857 425 86 31 basis
963 425 52 31 for

1 472 265 39 recommending
296 472 127 39 specific
451 477 229 34 management
709 472 140 39 changes
878 472 32 30 in
939 482 74 29 pro-

1 520 135 31 duction
150 520 147 39 forestry.
315 520 164 39 Knowing
494 520 104 31 which
614 520 119 39 species
749 530 52 21 are
816 520 95 39 likely
925 525 34 26 to
975 520 39 31 be

1 567 179 39 negatively
197 567 135 31 affected
349 567 111 31 allows
475 567 191 31 concession
681 567 130 31 holders
827 572 34 26 to
877 567 137 39 develop

2 614 127 39 specific
144 614 124 31 actions
283 619 34 26 to
332 614 160 31 minimise
506 614 147 39 impacts.
669 614 92 37 Also,
776 614 163 39 relatively
953 614 61 31 few

2 662 151 30 Bornean
177 661 172 31 mammals
373 661 81 31 have
478 661 82 31 been
584 661 138 37 studied,
748 661 63 31 and
837 671 35 21 so
898 661 115 31 under-

2 708 150 39 standing
176 718 89 21 some
289 708 119 39 species
432 708 111 31 allows
565 708 53 31 the
641 708 130 39 logging
794 708 162 31 tolerance
980 708 38 31 of

1 756 209 39 ecologically
227 756 121 31 similar
364 756 120 39 species
500 761 34 26 to
552 756 39 31 be
608 756 173 39 predicted.

55 803 160 39 Meijaard
229 808 31 26 et
273 803 68 31 al.’s
355 803 109 39 (2007)
478 803 166 31 statistical
658 803 139 39 analysis
810 803 39 31 of
857 803 53 31 the
923 803 91 31 traits

2 850 38 31 of
56 851 40 29 44
117 850 155 31 mammal
294 850 119 39 species
434 850 161 31 indicated
617 850 71 31 that
709 860 18 21 a
748 850 130 39 species’
900 850 113 39 phylo-

1 897 124 39 genetic
141 907 57 29 age
214 897 70 31 best
300 897 139 39 predicts
455 897 39 30 its
511 897 176 39 sensitivity
703 902 34 26 to
754 897 139 39 logging.
912 897 103 31 Other

1 945 121 31 factors
139 945 70 31 that
225 945 97 31 could
340 945 160 39 plausibly
517 945 39 31 be
574 945 119 39 argued
711 950 34 26 to
762 945 40 31 be
818 950 70 26 true
904 945 110 31 causal

1 992 158 31 variables
182 992 63 31 and
268 997 59 26 not
348 992 119 39 merely
489 992 178 31 correlated
690 992 76 31 with
788 992 227 39 phylogenetic

2 1049 67 29 age,
90 1039 78 31 such
187 1049 34 21 as
240 1039 89 39 body
348 1039 72 37 size,
439 1039 65 31 diet
523 1039 63 31 and
606 1039 53 31 life
677 1039 134 39 history,
832 1049 52 21 are
902 1044 59 26 not
980 1049 34 21 as

1 1086 87 39 good
107 1086 188 39 predictors.
315 1086 229 39 Phylogenetic
562 1096 57 29 age
638 1096 137 29 appears
792 1091 34 26 to
845 1091 132 34 capture
996 1096 18 21 a

1 1134 123 31 diverse
143 1134 121 31 bundle
284 1134 38 31 of
337 1134 189 39 co-varying
546 1134 53 31 life
618 1134 124 39 history
761 1134 253 31 characteristics

1 1181 142 31 relevant
159 1186 34 26 to
211 1181 131 39 logging
359 1181 185 39 sensitivity.

54 1228 67 31 The
148 1228 94 39 study
267 1228 43 39 by
336 1228 160 39 Meijaard
522 1233 31 26 et
578 1228 39 31 al.
644 1228 104 31 found
774 1228 71 31 that
869 1228 144 39 logging-

1 1275 175 31 intolerant
195 1275 64 31 and
278 1275 287 39 logging-tolerant
585 1275 119 39 species
723 1275 32 30 in
775 1276 128 30 Borneo
924 1285 89 29 sepa-

1 1328 67 26 rate
88 1323 69 31 into
178 1328 65 26 two
263 1333 122 29 groups
405 1323 76 31 with
502 1323 148 31 different
670 1323 226 39 evolutionary
916 1323 97 31 back-

1 1370 155 39 grounds,
205 1370 158 39 although
410 1370 223 31 intermediate
680 1380 89 21 cases
816 1380 81 21 were
945 1370 68 31 also

1 1417 197 39 recognised.
218 1417 67 31 The
302 1417 322 39 logging-intolerant
642 1427 52 21 are
712 1417 165 39 primarily
895 1417 119 39 species

1 1464 70 31 that
90 1464 119 31 started
228 1469 34 26 to
280 1464 112 31 evolve
410 1464 116 39 during
544 1464 53 31 the
616 1464 152 31 Miocene
787 1474 37 21 or
841 1464 95 39 Early
954 1464 59 30 Pli-

2 1522 108 21 ocene.
125 1512 102 31 These
241 1512 119 39 species
374 1512 89 31 show
476 1512 78 31 little
567 1512 228 39 geographical
808 1512 161 31 variation
982 1512 32 30 in

1 1559 219 39 morphology
239 1559 74 39 (few
332 1559 196 39 subspecies)
548 1559 64 31 and
632 1569 52 21 are
703 1559 161 39 generally
882 1569 69 21 rare
971 1569 43 21 on

2 1606 91 31 small
116 1606 130 31 islands.
271 1606 89 39 They
382 1606 76 31 tend
481 1611 34 26 to
540 1616 125 29 occupy
687 1616 128 21 narrow
838 1606 176 39 ecological

1 1653 119 37 niches,
140 1653 77 31 with
238 1653 120 39 strictly
377 1653 218 39 frugivorous,
615 1653 222 37 carnivorous,
859 1663 37 21 or
914 1653 99 31 insec-

1 1701 146 31 tivorous
161 1701 129 39 feeding
303 1701 117 31 habits.
437 1702 96 30 Some
548 1711 52 21 are
614 1701 164 31 restricted
793 1706 34 26 to
842 1701 172 31 terrestrial

1 1748 128 39 feeding
150 1753 100 26 strata
271 1748 157 39 although
449 1748 109 31 others
579 1748 68 31 also
669 1758 98 21 occur
785 1748 113 39 higher
917 1758 45 29 up
982 1748 32 30 in

1 1800 81 26 trees
106 1795 63 31 and
193 1795 128 31 bushes.
346 1796 37 29 In
405 1800 155 32 contrast,
584 1795 287 39 logging-tolerant
895 1795 119 39 species

2 1852 121 29 appear
139 1847 34 26 to
190 1842 40 31 be
246 1852 155 29 younger,
420 1842 195 39 originating
631 1842 117 39 during
764 1842 54 31 the
836 1843 78 30 Late
930 1842 83 31 Plio-

1 1900 76 21 cene
95 1900 37 21 or
148 1890 206 31 Pleistocene.
374 1890 89 39 They
480 1900 53 21 are
550 1900 155 21 common
723 1900 44 21 on
785 1890 91 31 small
893 1890 121 31 islands

2 1937 63 31 and
84 1947 109 21 across
211 1938 48 30 SE
276 1937 90 37 Asia,
384 1937 104 31 where
506 1937 75 39 they
598 1937 151 39 typically
767 1937 120 31 exhibit
905 1937 108 39 signif-

1 1984 86 31 icant
105 1984 261 39 morphological
384 1984 161 31 variation
564 1984 112 39 (many
695 1984 206 39 subspecies).
922 1985 92 30 Most

1064 0 287 39 logging-tolerant
1371 0 171 31 mammals
1564 10 52 21 are
1636 0 215 31 herbivorous
1872 10 37 21 or
1929 0 147 31 omnivo-

1064 57 86 21 rous.
1169 48 104 38 Many
1288 47 60 31 live
1364 47 33 30 in
1412 47 54 31 the
1481 47 99 31 lower
1595 47 184 39 vegetation
1796 52 99 26 strata
1912 57 37 21 or
1965 57 43 21 on
2023 47 54 31 the

1064 94 138 39 ground.
1234 95 71 30 Our
1334 94 226 39 phylogenetic
1591 94 146 39 analyses
1768 94 90 31 show
1888 94 71 31 that
1989 94 88 31 these

1065 147 169 26 outcomes
1250 147 163 34 represent
1431 142 209 39 adaptations
1657 142 99 31 based
1775 152 43 21 on
1835 142 115 31 shared
1967 142 109 31 evolu-

1064 189 128 39 tionary
1223 199 173 29 pressures,
1427 189 108 31 rather
1564 189 80 31 than
1675 189 151 31 artefacts
1857 189 38 31 of
1921 199 156 21 common

1065 241 155 34 ancestry.

1118 283 104 39 Using
1239 283 54 31 the
1311 283 226 39 phylogenetic
1555 293 57 29 age
1631 283 38 31 of
1684 283 119 31 several
1822 283 116 39 poorly
1956 283 121 31 known

1065 330 129 39 species,
1215 330 161 39 Meijaard
1396 335 30 26 et
1445 330 39 31 al.
1506 330 108 39 (2007)
1634 330 164 39 predicted
1818 330 120 31 several
1958 330 119 39 species

1064 378 152 39 expected
1247 383 34 26 to
1311 388 82 29 cope
1422 378 117 39 poorly
1568 378 77 31 with
1675 378 53 31 the
1758 378 109 31 effects
1897 378 39 31 of
1961 378 117 31 timber

1064 425 179 31 extraction
1261 425 113 39 (Table
1391 425 42 38 3).

1117 472 67 31 The
1208 472 77 31 data
1308 472 161 39 generally
1493 477 127 34 suggest
1643 472 70 31 that
1737 472 120 39 species
1880 472 76 31 with
1980 472 98 31 wider

1064 519 176 39 ecological
1257 519 109 31 niches
1384 529 52 21 are
1453 529 91 21 more
1561 519 140 31 tolerant
1717 524 34 26 to
1769 519 140 39 logging.
1929 519 147 39 Ecologi-

1064 567 48 31 cal
1130 567 238 39 specialisation
1385 567 25 30 is
1427 567 140 39 thought
1583 572 34 26 to
1635 567 141 31 increase
1794 567 231 39 susceptibility
2042 572 34 26 to

1064 614 122 31 decline
1210 614 63 31 and
1296 614 177 31 extinction
1495 614 93 31 when
1611 614 258 31 environmental
1891 614 186 31 conditions

1065 671 52 21 are
1134 661 161 39 changing
1312 661 179 39 (Harcourt
1507 666 31 26 et
1555 661 38 31 al.
1612 662 93 36 2002;
1722 662 119 30 Owens
1858 661 64 31 and
1940 662 137 30 Bennett

1064 708 105 38 2000).
1202 708 30 30 A
1265 708 129 39 species’
1428 708 110 39 ability
1570 713 34 26 to
1636 708 111 31 switch
1778 708 144 31 between
1954 708 123 39 dietary

1064 761 216 34 components
1294 756 96 39 likely
1404 756 111 31 allows
1529 756 23 30 it
1566 761 34 26 to
1616 761 209 34 compensate
1839 756 93 31 when
1946 756 131 39 logging

1064 803 132 39 directly
1219 803 132 31 reduces
1373 803 53 31 the
1450 803 197 39 availability
1670 803 38 31 of
1727 803 120 31 certain
1870 803 107 31 foods.
2003 804 27 29 It
2052 803 25 30 is

1064 850 131 31 unclear
1206 850 73 39 why
1291 850 172 31 terrestrial
1477 860 37 21 or
1526 860 129 29 canopy
1668 850 119 39 species
1800 850 77 31 with
1890 850 186 39 specialised

1064 897 128 39 feeding
1222 897 164 39 strategies
1416 907 53 21 are
1498 897 175 31 intolerant
1703 897 38 31 of
1766 897 141 39 logging;
1937 897 140 39 perhaps

1064 945 131 39 logging
1216 945 116 39 simply
1352 955 147 21 removes
1520 945 53 31 the
1595 945 175 39 particular
1790 945 81 31 food
1893 945 93 31 items
2007 945 70 31 that

1064 992 88 31 these
1175 992 120 39 species
1317 992 65 39 rely
1405 1002 53 21 on.
1482 993 48 30 Or
1551 992 154 39 possibly,
1728 992 43 39 by
1794 992 141 39 opening
1957 1002 44 29 up
2023 992 54 31 the

1064 1049 128 29 canopy
1214 1039 63 31 and
1300 1039 141 39 slashing
1462 1039 127 39 ground
1611 1039 195 39 vegetation,
1828 1039 131 39 logging
1979 1039 59 31 has
2059 1049 18 21 a

1065 1086 181 39 significant
1277 1086 258 31 micro-climatic
1565 1086 93 31 effect
1690 1096 43 21 on
1764 1086 99 31 lower
1893 1086 184 39 vegetation

1065 1139 110 32 strata,
1190 1134 105 31 which
1309 1134 169 39 especially
1492 1134 137 39 impacts
1644 1134 214 31 invertebrate
1873 1134 202 31 abundance.

1064 1181 77 30 This
1157 1181 59 31 has
1232 1181 81 31 been
1330 1191 123 29 proven
1470 1181 52 31 for
1538 1181 151 37 termites,
1707 1181 105 31 which
1828 1181 123 31 decline
1968 1181 108 39 signif-

1064 1228 118 39 icantly
1199 1228 33 30 in
1250 1228 119 39 species
1386 1228 141 31 richness
1545 1228 63 31 and
1627 1228 193 31 abundance
1838 1228 81 31 after
1935 1228 142 39 primary

1064 1275 116 31 forests
1206 1285 52 21 are
1283 1275 115 39 logged
1423 1275 33 30 in
1481 1276 151 30 Sumatra
1657 1275 111 39 (Jones
1792 1280 31 26 et
1848 1275 38 31 al.
1913 1275 106 38 2003);
2045 1275 32 30 in

1065 1323 119 37 Sabah,
1203 1323 160 37 however,
1382 1323 88 31 there
1488 1333 66 21 was
1572 1333 43 21 no
1635 1323 139 31 obvious
1792 1323 123 31 decline
1933 1323 144 31 between

1064 1370 142 39 primary
1228 1370 100 31 forest
1351 1370 63 31 and
1437 1375 65 26 two
1526 1370 178 39 selectively
1725 1370 116 39 logged
1864 1370 100 31 forest
1986 1375 91 34 types

1065 1417 172 39 (Eggleton
1256 1422 31 26 et
1307 1417 39 31 al.
1372 1417 101 38 1997).
1495 1418 97 30 Jones
1613 1417 63 31 and
1697 1417 182 39 colleagues
1899 1417 109 39 (2003)
2029 1427 47 21 ar-

1064 1464 83 39 gued
1161 1464 70 31 that
1244 1464 54 31 the
1311 1464 100 31 forest
1424 1474 66 21 was
1503 1474 90 21 more
1606 1464 167 31 disturbed
1787 1464 33 30 in
1834 1465 151 30 Sumatra
1997 1464 80 31 than

1064 1512 32 30 in
1114 1512 119 37 Sabah,
1252 1512 64 31 and
1334 1512 74 31 thus
1425 1512 131 39 logging
1574 1512 135 31 affected
1727 1512 53 31 the
1797 1512 125 31 termite
1939 1512 137 39 popula-

1064 1559 70 31 tion
1150 1569 100 21 more.

1117 1606 103 31 Other
1243 1616 121 29 groups
1388 1606 39 31 of
1446 1607 151 30 Bornean
1621 1606 230 31 invertebrates
1875 1606 135 31 affected
2035 1606 42 39 by

1064 1653 131 39 logging
1209 1653 128 31 include
1351 1653 177 31 butterflies
1544 1653 130 39 (Cleary
1688 1653 107 38 2004),
1811 1653 118 31 beetles
1945 1653 132 39 (Chung

1064 1706 30 26 et
1109 1701 39 31 al.
1164 1701 107 38 2000),
1287 1701 63 31 and
1366 1701 178 39 geometrid
1559 1701 110 31 moths
1684 1701 99 39 (Beck
1797 1706 30 26 et
1842 1701 39 31 al.
1897 1701 106 38 2002).
2018 1702 59 30 We

1064 1753 76 26 note
1163 1748 74 31 here
1260 1748 71 31 that
1353 1748 112 31 within
1488 1748 53 31 the
1565 1748 197 31 Indonesian
1786 1748 145 31 selective
1954 1748 123 39 cutting

1065 1795 63 31 and
1147 1795 182 39 replanting
1348 1800 118 34 system
1485 1795 147 39 (Tebang
1650 1795 80 30 Pilih
1748 1796 171 30 Tanaman
1938 1795 138 31 Indone-

1065 1842 45 31 sia
1135 1853 24 9 =
1183 1842 109 38 TPTI)
1311 1842 208 39 regulations,
1538 1842 336 31 concession-holders
1893 1852 52 21 are
1963 1842 114 39 legally

1064 1889 148 39 required
1249 1894 34 26 to
1321 1889 184 39 repeatedly
1543 1889 85 31 slash
1666 1889 41 31 all
1744 1889 231 39 undergrowth
2013 1889 63 31 and

1064 1937 148 31 climbers
1229 1937 52 31 for
1298 1937 120 31 several
1434 1947 91 29 years
1543 1937 82 31 after
1641 1937 109 39 felling
1766 1942 34 26 to
1818 1937 116 31 reduce
1952 1947 124 29 aggres-

1065 1984 64 31 sive
1142 1984 126 31 ‘weeds’
1282 1984 64 31 and
1359 1994 182 29 encourage
1554 1984 232 39 regeneration.
1802 1985 36 29 In
1851 1984 150 39 practice,
2014 1984 63 30 this

1 2150 83 25 Table
97 2149 16 25 3
134 2149 106 32 Species
254 2149 27 25 in
296 2149 108 25 Borneo
418 2149 65 25 with

1 2195 36 17 an
50 2186 128 33 expected
194 2187 148 32 sensitivity
355 2191 29 21 to

1 2226 110 32 logging
124 2226 92 25 effects
230 2226 116 25 because
360 2225 32 26 of
402 2234 16 17 a

1 2264 190 32 phylogenetic
204 2272 50 24 age
268 2263 33 26 of
310 2272 77 17 more

1 2302 67 25 than
82 2303 14 25 5
111 2302 105 25 million
230 2310 84 24 years.

1 2340 184 26 Information
200 2349 36 17 on
251 2341 100 32 species
365 2349 49 24 age

1 2378 135 33 compiled
151 2379 36 32 by
200 2378 136 33 Meijaard
352 2379 110 32 (2003b)

532 2176 141 26 Common
687 2184 81 17 name
1072 2176 134 26 Scientific
1219 2184 81 17 name
1596 2175 149 33 Authority

521 2254 147 42 Moonrat
1071 2258 198 26 Echninosorex
1280 2267 144 24 gymnurus
1597 2257 109 31 Raffles,
1725 2258 61 25 1821

532 2297 124 25 Western
669 2297 94 25 tarsier
1074 2298 105 25 Tarsius
1192 2297 134 26 bancanus
1597 2296 146 31 Horsfield,
1762 2297 61 25 1821

532 2334 150 26 Pen-tailed
696 2335 155 25 tree-shrew
1071 2335 162 26 Ptilocercus
1248 2335 68 26 lowii
1596 2335 84 32 Gray,
1700 2335 64 25 1848

532 2372 127 27 Clouded
673 2372 113 33 leopard
1071 2373 119 32 Neofelis
1203 2373 126 26 nebulosa
1596 2372 119 31 Griffith,
1735 2373 61 25 1821

533 2412 127 25 Bornean
674 2412 53 32 bay
741 2416 43 21 cat
1073 2413 149 32 Catopuma
1236 2412 79 26 badia
1596 2412 84 32 Gray,
1700 2412 64 25 1847

532 2449 129 26 Marbled
675 2454 43 21 cat

533 2487 161 26 Horsfield’s
708 2488 83 32 flying
805 2488 113 32 squirrel

533 2526 112 26 Banded
660 2527 106 32 linsang

533 2565 78 26 Stink
624 2564 103 33 badger

532 2604 75 32 Grey
620 2608 55 21 tree
689 2608 41 21 rat

532 2642 100 32 Wooly
646 2646 55 21 tree
714 2646 42 21 rat

533 2679 173 33 Long-tailed
721 2680 150 32 porcupine

533 2719 147 26 Sumatran
693 2719 159 25 rhinoceros

1596 2450 114 30 Martin,
1729 2450 64 26 1837

1596 2488 188 30 Waterhouse,
1803 2488 65 26 1838

1597 2526 171 31 Hardwicke,
1788 2527 61 25 1821

1597 2565 173 30 Lechenault,
1786 2565 27 25 in
1827 2566 166 29 Desmarest,
2012 2565 65 25 1818

1596 2604 99 30 Miller,
1715 2604 63 26 1903

1597 2643 140 29 Emmons,
1756 2642 64 26 1993

1597 2680 87 30 Shaw,
1704 2680 61 26 1801

1597 2719 116 30 Fischer,
1733 2719 65 25 1814

1071 2450 149 32 Pardofelis
1233 2455 164 21 marmorata

1071 2489 88 32 Iomys
1173 2488 134 33 horsfieldi

1071 2527 151 26 Prionodon
1237 2527 102 32 linsang

1071 2565 118 33 Mydaus
1196 2567 153 30 javanensis

1071 2604 145 26 Lenothrix
1231 2613 79 17 canus

1071 2642 198 33 Pithecheirops
1283 2644 72 23 otion

1074 2680 107 33 Trychis
1188 2680 163 32 fasciculata

1071 2719 188 26 Dicerorhinus
1271 2721 172 24 sumatrensis
