2080 2742
2 2 83 25 Table
98 1 16 25 2
134 1 127 32 Changes
275 1 27 25 in
316 0 89 26 cervid
419 0 55 26 and
488 0 117 33 tragulid
620 0 127 26 densities
760 0 69 26 after
844 1 122 25 selective
979 1 110 32 logging

3 73 106 41 Species
385 72 77 42 Body
585 77 155 32 Ecological
755 77 189 25 stratification
1128 77 115 32 Density
1257 76 77 26 trend
1410 76 162 26 References

385 115 52 25 size
451 115 58 32 (kg)
1128 114 69 26 after
1210 115 110 32 logging

4 198 98 25 Cervus
115 197 118 26 unicolor
388 197 48 26 100
584 197 164 30 Terrestrial,
763 197 181 25 herbivorous
1129 190 36 32 Tt
1409 196 79 26 After
1503 196 118 33 Heydon
1636 197 90 32 (1994)
1741 197 28 25 in
1782 197 102 25 Davies
1898 201 25 21 et
1937 197 33 25 al.
1987 197 91 32 (2001)

1127 250 18 2 -
1410 234 113 33 Rijksen
1537 235 91 32 (1978)

2 275 155 25 Muntiacus
170 274 140 26 atherodes
406 274 27 26 15
584 274 164 30 Terrestrial,
763 274 102 32 mainly
879 273 175 33 frugivorous
1129 267 18 32 L
1409 273 79 26 After
1503 273 118 33 Heydon
1636 274 90 32 (1994)
1741 274 28 25 in
1782 274 102 25 Davies
1898 278 25 21 et
1937 274 33 25 al.
1987 274 91 32 (2001)

2 313 155 25 Muntiacus
170 311 139 33 muntjakx
402 312 34 26 20
584 312 164 30 Terrestrial,
763 312 102 32 mainly
879 311 175 33 frugivorous
1129 305 36 32 Tt
1409 311 79 26 After
1503 311 118 33 Heydon
1636 312 90 32 (1994)
1741 312 28 25 in
1782 312 102 25 Davies
1898 316 25 21 et
1937 312 33 25 al.
1987 312 91 32 (2001)

1129 344 44 32 T?
1409 351 72 25 Duff
1491 355 26 21 et
1531 351 33 25 al.
1580 351 91 32 (1984)

5 389 127 32 Tragulus
145 398 70 24 napu
420 389 16 25 4
584 389 164 30 Terrestrial,
763 389 102 32 mainly
879 388 175 33 frugivorous
1129 382 39 32 W
1409 388 79 26 After
1503 388 118 33 Heydon
1636 389 90 32 (1994)
1741 389 28 25 in
1782 389 102 25 Davies
1898 393 25 21 et
1937 389 33 25 al.
1987 389 91 32 (2001)

5 427 127 32 Tragulus
145 426 108 27 kanchil
420 427 15 25 2
584 427 164 30 Terrestrial,
763 427 102 32 mainly
879 426 175 33 frugivorous
1129 420 39 32 W
1409 426 79 26 After
1503 426 118 33 Heydon
1636 427 90 32 (1994)
1741 427 28 25 in
1782 427 102 25 Davies
1898 431 25 21 et
1937 427 33 25 al.
1987 427 91 32 (2001)

3 467 50 25 Sus
66 466 127 26 barbatus
388 466 47 26 125
584 462 188 41 Omnivorous
1127 481 18 2 -
1409 466 102 25 Davies
1525 470 25 21 et
1564 466 33 25 al.
1614 466 91 32 (2001)

1127 519 18 2 -
1410 504 95 25 Linkie
1519 503 54 26 and
1589 503 113 27 Sadikin
1716 504 91 32 (2003)

1129 532 32 48 vee
1409 543 106 25 Wilson
1528 542 55 26 and
1597 543 87 26 Johns
1698 543 91 32 (1982)

1 631 18 2 —~
38 616 95 26 <20%
149 615 145 26 difference
307 616 122 25 between
442 624 80 17 mean
535 615 106 33 density
654 616 28 25 in
695 615 97 33 logged
806 615 55 26 and
875 616 119 32 primary
1007 615 106 32 forests;
1129 609 52 40 1/1
1195 615 258 34 increase/decrease
1467 615 33 26 of
1509 616 120 26 20-60%
1645 616 121 25 between
1779 615 98 33 logged
1891 615 54 26 and
1959 616 120 32 primary

2 653 106 32 forests;
124 647 94 40 TT/IW
233 653 258 34 increase/decrease
505 653 33 26 of
554 659 19 16 >
584 654 65 26 60%
666 654 122 25 between
801 653 97 33 logged
913 653 54 26 and
982 654 119 32 primary
1115 653 98 26 forests

2 691 12 11 *
28 693 85 25 Effect
127 692 122 26 ascribed
264 697 29 21 to
307 693 116 32 hunting

55 811 67 31 The
147 816 64 26 two
238 811 119 39 species
383 811 38 31 of
441 811 145 39 muntjac
611 811 198 39 (Muntiacus
834 811 84 39 spp.)
943 811 71 31 feed

2 859 165 39 primarily
183 869 44 21 on
242 859 93 31 fruits
352 859 63 31 and
432 859 136 37 browse,
585 859 95 39 being
697 859 144 31 selective
857 859 53 31 for
924 859 91 39 plant

2 911 99 34 parts,
121 906 63 31 and
203 906 123 31 remain
343 906 112 31 within
474 916 61 21 one
554 916 37 21 or
609 916 18 21 a
644 906 61 31 few
722 906 184 39 vegetation
924 911 91 34 types

2 953 203 39 throughout
222 953 53 31 the
292 963 84 29 year.
394 955 49 28 M.
462 953 167 31 atherodes
645 953 142 39 (Groves
804 953 63 31 and
886 953 128 37 Grubb,

6 1000 91 38 1982)
129 1010 137 29 appears
296 1005 34 26 to
361 1000 226 39 predominate
617 1000 33 30 in
680 1000 158 31 lowlands
869 1000 64 31 and
964 1002 49 28 M.

2 1047 142 39 muntjak
171 1047 267 39 (Zimmermann,
469 1047 92 38 1780)
587 1047 33 30 in
646 1047 122 39 upland
795 1047 143 31 habitats
965 1047 48 39 (E.

3 1095 172 39 Meyaard,
196 1095 135 39 unpubl.
353 1095 101 38 data),
476 1095 158 39 although
653 1105 44 21 no
717 1095 115 31 robust
851 1095 163 39 quantita-

2 1142 62 31 tive
86 1142 78 31 data
186 1142 79 31 exist
286 1147 34 26 to
344 1147 137 34 support
503 1142 72 30 this.
599 1142 86 31 Duff
702 1147 30 26 et
755 1142 39 31 al.
818 1142 109 39 (1984)
951 1142 63 31 and

2 1189 142 39 Heydon
161 1189 109 39 (1994)
287 1189 150 39 reported
455 1199 41 21 an
513 1189 141 31 increase
671 1189 32 30 in
719 1189 54 31 the
789 1189 175 39 frequency
981 1189 38 31 of

2 1238 49 28 M.
73 1236 143 39 muntjak
237 1236 155 39 sightings
413 1236 32 30 in
466 1236 116 39 logged
603 1236 117 31 forests
741 1236 176 39 compared
938 1236 77 31 with

2 1284 162 39 unlogged
183 1284 127 37 forests,
330 1284 63 31 and
412 1284 54 31 the
484 1284 94 31 latter
596 1284 119 31 author
732 1284 150 39 reported
902 1294 18 21 a
938 1294 76 21 con-

2 1336 128 26 current
144 1331 148 31 decrease
306 1331 32 30 in
352 1333 49 28 M.
417 1331 175 31 atherodes.
608 1333 49 28 M.
673 1331 142 39 muntjak
830 1341 136 29 appears
980 1336 34 26 to

2 1378 127 31 include
153 1388 18 21 a
194 1378 112 39 higher
328 1378 196 39 proportion
548 1378 38 31 of
605 1378 125 31 browse
753 1378 112 31 within
888 1378 39 30 its
950 1378 65 31 diet

2 1425 79 31 than
109 1425 54 31 the
191 1430 64 26 two
284 1435 114 21 mouse
426 1425 75 31 deer
530 1425 119 39 species
678 1425 63 31 and
770 1427 49 28 M.
849 1425 167 31 atherodes

3 1473 157 39 (Barrette
185 1473 102 38 1977).
310 1473 76 30 This
407 1483 75 29 may
503 1473 127 39 explain
651 1475 49 28 M.
723 1473 169 39 muntjak’s
913 1473 103 31 better

2 1520 206 39 competitive
240 1520 111 39 ability
381 1520 32 30 in
444 1520 115 39 logged
591 1520 127 37 forests,
750 1520 164 39 assuming
945 1520 70 31 that

2 1567 131 39 logging
157 1567 79 31 does
262 1572 58 26 not
345 1567 161 39 generally
531 1567 81 31 have
638 1577 18 21 a
681 1567 147 39 negative
853 1567 93 31 effect
972 1577 43 21 on

2 1624 126 29 grazers
142 1614 134 39 (Davies
289 1619 31 26 et
334 1614 39 31 al.
388 1614 106 38 2001).
510 1614 76 30 This
600 1614 132 31 mirrors
746 1614 53 31 the
814 1614 155 31 situation
983 1614 32 30 in

6 1662 151 39 Tragulus
174 1672 69 29 spp.
262 1662 104 31 where
383 1662 53 31 the
453 1667 87 26 most
556 1662 322 39 logging-intolerant
896 1662 119 39 species

2 1709 58 31 has
80 1709 54 31 the
155 1709 141 31 smallest
316 1709 209 31 distribution
546 1719 97 29 range
665 1709 63 31 and
749 1709 26 30 is
795 1709 164 31 restricted
980 1714 34 26 to

2 1756 53 31 the
70 1756 131 39 tropics;
217 1758 48 28 M.
282 1756 167 31 atherodes
462 1756 26 30 is
503 1766 18 21 a
536 1757 151 30 Bornean
701 1756 156 37 endemic,
873 1756 142 31 whereas

2 1805 49 28 M.
75 1803 142 39 muntjak
240 1813 113 21 occurs
375 1803 204 39 throughout
602 1804 48 30 SE
672 1803 79 31 Asia
773 1803 77 31 with
873 1803 142 31 habitats

2 1851 135 39 ranging
154 1851 86 31 from
256 1851 59 39 dry
332 1861 85 29 open
434 1851 176 31 woodland
628 1861 145 21 savanna
789 1856 34 26 to
841 1851 97 31 dense
954 1856 61 26 wet

2 1898 109 31 forest.

56 1945 138 31 Sambar
211 1945 75 31 deer
305 1945 133 39 (Cervus
457 1945 152 38 unicolor)
629 1955 53 21 are
701 1945 170 39 generalist
889 1955 126 29 grazers

3 1992 63 31 and
84 1992 159 31 browsers
260 1992 70 31 that
347 1992 71 31 feed
437 2002 44 21 on
499 2002 18 21 a
533 2002 99 29 range
650 1992 38 31 of
701 2002 123 29 grasses
842 1992 64 31 and
924 1992 91 39 plant

2 2045 98 34 parts.
136 2040 89 39 They
258 2040 106 39 prefer
397 2040 100 31 forest
531 2040 105 39 edges,
671 2040 199 37 riverbanks,
905 2050 110 29 grassy

2 2087 166 39 clearings,
184 2087 179 39 secondary
377 2087 105 37 scrub,
498 2087 64 31 and
578 2097 85 29 open
677 2087 179 31 farmlands
871 2087 144 39 (Nowak

6 2134 102 38 1999),
138 2134 59 31 but
226 2134 74 39 they
330 2134 68 31 also
429 2144 98 21 occur
555 2134 32 30 in
616 2134 97 31 dense
742 2134 134 31 interior
903 2134 110 31 forest.

3 2181 138 31 Sambar
154 2181 75 31 deer
243 2191 55 21 use
313 2181 131 39 logging
458 2181 98 31 roads
572 2181 190 39 apparently
778 2191 34 21 as
827 2181 188 31 alternative

2 2229 112 39 forage
131 2239 90 21 areas
238 2229 63 31 and
319 2239 34 21 as
369 2229 163 31 corridors
547 2229 145 31 between
708 2229 191 31 favourable
915 2229 100 31 forest

3 2276 83 37 sites,
106 2276 165 39 including
289 2276 115 39 logged
425 2286 99 21 areas.
544 2276 143 39 Heydon
706 2276 109 39 (1994)
834 2281 93 26 notes
945 2276 70 31 that

2 2323 82 31 their
97 2323 154 31 numbers
264 2333 75 29 may
353 2323 39 31 be
406 2323 170 39 positively
589 2323 179 31 correlated
782 2323 77 31 with
873 2323 53 31 the
941 2333 74 21 area

3 2370 38 31 of
63 2370 138 39 severely
226 2370 162 39 degraded
414 2370 100 31 forest
540 2370 63 31 and
629 2370 180 39 negatively
834 2370 180 31 associated

2 2418 77 31 with
95 2418 116 31 climax
229 2423 87 34 stage
333 2418 100 31 forest
451 2418 154 39 (Heydon
626 2418 102 38 1994).

56 2465 94 31 Little
169 2465 26 30 is
214 2465 121 31 known
355 2465 102 31 about
476 2465 75 31 how
570 2465 117 31 timber
705 2465 179 31 extraction
904 2465 111 31 affects

2 2512 53 31 the
87 2512 179 39 remaining
299 2513 151 30 Bornean
482 2512 180 39 ungulates,
695 2512 141 31 bearded
869 2512 54 39 pig
955 2513 61 30 Sus

2 2559 151 31 barbatus
176 2559 64 31 and
264 2559 143 39 banteng
431 2561 64 29 Bos
511 2561 166 37 javanicus
701 2559 44 39 (d’
770 2559 113 37 Alton,
911 2559 103 38 1832),

3 2606 158 39 although
187 2606 121 31 Davies
335 2611 30 26 et
393 2606 38 31 al.
461 2606 109 39 (2001)
597 2606 150 39 reported
775 2606 160 39 declining
962 2606 53 39 pig

2 2654 153 31 numbers
170 2654 167 39 following
352 2654 131 39 logging
497 2654 33 30 in
544 2654 83 31 their
641 2654 95 39 study
752 2654 82 31 sites.
852 2654 103 31 Based
972 2664 43 21 on

2 2701 86 31 what
104 2701 25 30 is
144 2701 121 31 known
282 2701 38 31 of
331 2701 141 31 bearded
488 2701 54 39 pig
557 2701 135 39 ecology
707 2701 23 30 it
745 2711 61 21 can
821 2701 39 31 be
876 2701 138 31 inferred

1065 811 70 31 that
1153 811 130 39 logging
1301 811 137 39 impacts
1457 821 43 21 on
1518 811 106 39 major
1641 811 132 39 fruiting
1791 821 95 29 crops
1904 821 61 21 can
1984 811 94 31 affect

1065 858 82 31 their
1177 858 177 39 migratory
1384 863 155 34 patterns,
1570 858 236 37 distributions,
1839 858 63 31 and
1934 858 144 39 possibly

1065 906 161 37 densities,
1243 906 132 39 thereby
1391 906 196 39 influencing
1602 906 156 39 dispersal
1774 906 64 31 and
1855 906 223 39 regeneration

1066 953 38 31 of
1123 953 93 31 other
1237 953 133 39 fruiting
1393 953 119 39 species
1535 953 84 39 (e.g.,
1643 953 161 39 Meijaard
1827 953 127 38 2003a).
1979 954 98 30 Inter-

1065 1000 95 31 views
1173 1000 77 31 with
1263 1000 133 31 hunters
1409 1000 32 30 in
1455 1001 128 30 Borneo
1598 1005 128 34 suggest
1739 1000 70 31 that
1822 1000 70 39 pigs
1906 1010 52 21 are
1971 1000 108 31 leaner

1065 1047 32 30 in
1114 1047 115 39 logged
1248 1057 90 21 areas
1356 1047 48 39 (E.
1423 1047 172 39 Meijaard,
1613 1047 135 39 unpubl.
1767 1047 101 38 data).
1887 1047 72 39 Pigs
1975 1047 103 31 fatten

1065 1105 44 29 up
1125 1095 117 39 during
1258 1095 235 39 mass-fruiting
1510 1095 38 31 of
1560 1095 223 39 dipterocarps
1800 1095 64 31 and
1882 1095 93 31 other
1991 1095 86 31 seed-

1065 1142 133 39 bearing
1221 1147 82 26 trees
1327 1142 186 39 (Caldecott
1541 1142 102 38 1988);
1668 1142 168 39 removing
1860 1142 78 31 such
1962 1142 117 31 timber

1065 1194 81 26 trees
1167 1189 25 30 is
1213 1189 95 39 likely
1328 1194 34 26 to
1384 1189 116 31 reduce
1521 1189 81 31 food
1624 1189 206 39 availability.
1854 1190 27 29 It
1902 1189 25 30 is
1948 1189 131 31 unclear

1065 1236 74 31 how
1156 1236 63 30 this
1236 1236 62 31 will
1316 1236 95 31 affect
1428 1236 53 31 the
1498 1236 196 39 population
1711 1236 135 39 ecology
1864 1236 63 31 and
1945 1236 53 31 life
2015 1236 62 30 his-

1065 1289 72 34 tory
1155 1284 38 31 of
1206 1285 61 30 Sus
1282 1284 160 31 barbatus.

1118 1331 218 39 Hoogerwerf
1349 1331 93 39 (1938
1459 1331 32 30 in
1508 1331 186 31 Brookfield
1715 1331 91 38 1997)
1823 1331 169 39 suggested
2008 1331 70 31 that

1065 1380 35 28 B.
1114 1380 167 37 javanicus
1299 1378 133 31 favours
1451 1378 195 39 grasslands,
1667 1388 171 27 savannas,
1859 1378 64 31 and
1944 1378 133 31 second-

1066 1435 55 29 ary
1143 1425 117 31 forests
1283 1435 77 21 over
1381 1425 181 31 rainforest.
1588 1425 109 31 Banks
1720 1425 108 39 (1931)
1851 1425 151 39 reported
2025 1425 53 31 the

1066 1483 97 27 same,
1182 1483 34 21 as
1232 1473 55 31 did
1304 1473 162 31 Wharton
1483 1473 109 39 (1968)
1609 1473 74 31 who
1700 1473 136 31 claimed
1854 1473 70 31 that
1940 1475 36 28 B.
1987 1475 90 37 java-

1065 1522 87 29 nicus
1167 1520 145 39 depends
1329 1530 43 21 on
1389 1520 100 31 forest
1506 1530 90 21 areas
1613 1520 124 31 cleared
1754 1520 53 31 for
1823 1520 202 39 agriculture,
2044 1530 34 21 as

1065 1567 75 39 they
1161 1567 71 31 feed
1255 1567 32 30 in
1310 1567 179 39 secondary
1510 1567 101 31 forest
1633 1567 64 31 and
1721 1577 43 21 on
1785 1567 101 37 fields,
1910 1567 64 31 and
1996 1567 82 31 have

1065 1614 78 31 little
1162 1624 55 21 use
1236 1614 52 31 for
1305 1614 97 31 dense
1421 1614 100 31 forest
1541 1624 99 21 areas.
1661 1615 141 30 Because
1821 1616 35 28 B.
1869 1616 167 37 javanicus
2053 1614 25 30 is

1066 1662 90 31 often
1175 1662 104 31 found
1300 1672 78 21 near
1396 1662 91 31 fields
1507 1662 64 31 and
1591 1662 100 31 forest
1711 1662 148 39 gardens,
1879 1662 104 31 where
2003 1662 75 39 they

1065 1709 131 39 destroy
1215 1719 106 29 crops,
1342 1709 74 39 they
1437 1719 52 21 are
1509 1709 123 31 hunted
1654 1719 34 21 as
1707 1714 96 34 pests.
1826 1710 27 29 It
1872 1709 26 30 is
1917 1709 161 31 therefore

1065 1756 152 39 expected
1239 1756 70 31 that
1330 1756 53 31 the
1404 1756 120 39 species
1544 1756 135 31 benefits
1700 1756 86 31 from
1806 1756 101 31 forest
1927 1756 150 39 clearing,

1065 1808 111 34 except
1189 1803 93 31 when
1295 1803 137 39 hunting
1445 1813 146 29 pressure
1604 1803 97 39 keeps
1714 1803 212 39 populations
1938 1803 72 31 low.
2025 1803 53 30 All

1065 1851 154 39 ungulate
1239 1851 120 39 species
1379 1861 60 21 can
1460 1851 98 31 suffer
1576 1851 87 31 from
1682 1851 54 31 the
1756 1851 164 31 increased
1940 1851 138 39 hunting

1065 1898 70 31 that
1150 1898 90 31 often
1254 1898 227 39 accompanies
1495 1898 53 31 the
1563 1898 141 39 opening
1719 1898 38 31 of
1767 1898 116 31 forests
1897 1898 52 31 for
1962 1898 117 31 timber

1065 1945 179 31 extraction
1271 1945 151 39 (Bennett
1448 1945 64 31 and
1539 1945 165 31 Dahaban
1734 1946 89 36 1995;
1850 1946 137 30 Bennett
2014 1945 63 31 and

1066 1992 122 31 Gumal
1204 1992 106 38 2001).

1064 2134 134 33 General
1216 2135 147 38 patterns
1378 2134 35 33 of
1426 2134 176 39 sensitivity
1616 2135 36 32 to
1669 2134 127 39 logging

1065 2231 170 39 Although
1268 2231 156 31 mammal
1458 2231 120 39 species
1611 2241 77 29 vary
1721 2231 33 30 in
1787 2231 82 31 their
1902 2231 176 39 ecological

1065 2278 242 39 requirements,
1337 2278 53 31 the
1420 2278 156 31 available
1605 2278 214 31 information
1849 2278 110 31 allows
1989 2288 89 21 some

1065 2335 156 21 common
1234 2325 121 31 factors
1368 2330 34 26 to
1417 2325 39 31 be
1469 2325 164 31 identified
1649 2325 63 31 and
1726 2325 78 31 used
1819 2330 34 26 to
1867 2325 123 39 predict
2003 2325 75 31 how

1065 2373 131 39 logging
1217 2373 62 31 will
1303 2373 94 31 affect
1419 2373 156 31 mammal
1597 2373 225 39 assemblages.
1846 2374 71 30 Our
1939 2373 139 39 analysis

1065 2420 164 31 identified
1247 2425 145 34 patterns
1411 2430 120 29 among
1550 2420 119 39 species
1687 2420 76 31 with
1781 2420 149 31 different
1947 2420 131 39 logging

1065 2467 162 31 tolerance
1246 2467 104 31 levels.
1371 2467 179 31 Intolerant
1568 2467 172 31 mammals
1758 2467 76 31 tend
1853 2472 34 26 to
1906 2467 81 31 have
2006 2477 71 21 nar-

1065 2524 67 21 row
1152 2514 177 39 ecological
1349 2514 119 37 niches,
1490 2514 64 31 and
1575 2524 98 29 many
1693 2514 81 31 have
1796 2514 119 39 strictly
1936 2514 141 39 frugivo-

1065 2572 87 27 rous,
1169 2562 222 37 carnivorous,
1409 2572 37 21 or
1461 2562 235 31 insectivorous
1711 2562 128 39 feeding
1855 2562 116 31 habits.
1989 2562 89 39 They

1066 2619 121 29 appear
1201 2614 34 26 to
1250 2609 40 31 be
1305 2609 186 39 specialised
1508 2614 32 26 at
1554 2609 93 39 using
1662 2609 176 39 particular
1851 2609 100 31 forest
1967 2614 110 32 strata,

1065 2656 169 39 especially
1256 2656 128 39 ground
1408 2666 37 21 or
1466 2666 103 29 upper
1590 2666 129 29 canopy
1741 2656 105 37 levels,
1869 2656 108 31 rather
1998 2656 80 31 than

1065 2703 135 39 ranging
1218 2703 142 39 through
1379 2703 41 31 all
1438 2703 104 31 levels.
1563 2704 36 29 In
1617 2708 155 32 contrast,
1791 2703 287 39 logging-tolerant
