2082 2779
5 0 102 38 1992);
131 0 160 37 however,
315 0 93 39 given
431 0 54 31 the
508 0 157 31 extended
689 0 109 39 length
823 0 38 31 of
880 0 76 31 time
979 5 34 26 to

1 47 164 39 maturity,
186 47 112 31 efforts
319 47 117 31 should
457 47 39 31 be
517 47 95 31 made
632 52 34 26 to
687 57 154 21 conserve
862 57 34 21 as
916 57 98 29 many

1 94 58 39 figs
77 104 34 21 as
127 94 152 39 possible,
297 94 176 39 regardless
491 94 38 31 of
542 104 67 29 age.
628 95 37 29 In
681 94 240 31 collaboration
937 94 77 31 with

1 142 146 31 research
167 142 210 37 institutions,
399 142 206 31 concessions
625 142 97 31 could
743 142 137 39 develop
901 152 113 29 survey

1 189 151 31 methods
167 194 34 26 to
217 189 95 39 study
326 189 54 31 the
395 189 93 31 effect
503 189 38 31 of
552 189 181 39 protecting
749 189 78 31 such
841 189 77 31 fruit
933 194 81 26 trees

2 246 43 21 on
61 236 84 31 local
161 236 130 31 wildlife
308 236 160 31 densities.

1 356 108 29 Better
129 360 125 33 protect
279 356 128 29 interior
424 354 105 39 forest
554 354 184 31 conditions.
785 355 105 38 Many
914 359 99 26 verte-

1 401 117 37 brates,
133 401 169 39 especially
317 401 216 39 amphibians,
548 401 128 39 reptiles
690 401 63 31 and
768 401 100 31 forest
882 401 133 31 interior

1 449 98 37 birds,
126 449 125 39 require
276 449 108 37 moist,
410 449 163 39 relatively
599 449 102 39 shady
726 449 196 37 conditions,
950 449 63 31 and

1 506 98 29 many
119 496 301 39 forest-dependent
440 496 120 39 species
580 496 80 31 need
681 496 163 39 relatively
864 496 76 39 high
960 496 53 31 de-

1 553 88 29 grees
114 543 39 31 of
173 543 127 39 ground
326 553 96 21 cover
446 543 52 31 for
521 543 122 39 hiding.
670 544 46 38 By
740 543 215 39 maintaining
980 553 34 21 as

1 590 97 31 much
116 600 96 21 cover
230 590 63 31 and
312 600 128 29 canopy
458 600 34 21 as
510 590 152 39 possible,
681 590 98 31 lower
796 590 94 31 levels
909 590 38 31 of
960 590 54 31 the

1 638 100 31 forest
118 638 62 31 will
198 643 58 26 not
273 638 39 31 be
331 638 122 39 subject
470 643 34 26 to
522 638 53 31 the
593 638 114 39 drying
724 638 174 31 influences
916 638 39 31 of
968 638 45 30 in-

1 690 88 26 tense
115 685 152 39 sunlight,
293 685 64 31 and
384 695 89 21 some
499 685 120 39 species
644 685 62 31 will
731 685 103 31 retain
860 695 18 21 a
902 685 113 39 higher

1 732 114 39 degree
130 732 38 31 of
179 732 146 39 security.
342 732 186 39 Preserving
542 732 53 31 the
610 732 100 31 forest
725 742 128 29 canopy
867 732 62 31 will
945 732 68 31 also

2 779 51 31 aid
78 779 33 30 in
134 779 185 39 preserving
342 779 68 31 leaf
429 779 85 31 litter
536 779 136 31 habitat.
699 779 114 31 Roads
837 779 64 31 and
926 779 88 31 trails

2 827 116 31 should
140 827 39 31 be
200 827 141 39 planned
363 827 153 39 carefully
538 827 64 31 and
623 827 206 31 constructed
851 827 33 30 in
905 837 18 21 a
944 837 70 29 way

1 874 70 31 that
95 874 176 31 minimises
294 884 129 29 canopy
446 874 148 39 damage.
619 874 89 39 They
733 874 116 31 should
874 874 39 31 be
937 874 77 39 kept

2 921 90 31 short
111 921 64 31 and
194 931 128 21 narrow
342 921 32 39 (a
392 921 180 31 maximum
590 921 120 31 overall
729 921 100 31 width
848 921 39 31 of
901 922 19 29 4
938 931 33 20 m
989 921 25 30 is

1 968 249 31 recommended
265 968 43 39 by
321 969 111 29 DFID
451 968 91 38 1999)
558 968 74 37 and,
647 968 28 30 if
684 968 152 39 possible,
852 968 161 31 overhead

1 1026 128 29 canopy
152 1021 131 26 contact
307 1016 117 31 should
447 1016 40 31 be
510 1016 209 31 maintained.
745 1016 67 31 The
835 1016 121 39 impact
980 1016 38 31 of

1 1063 98 31 roads
118 1073 43 21 on
179 1063 112 31 faunal
309 1063 156 39 dispersal
483 1063 139 31 remains
640 1063 119 39 largely
777 1063 174 31 unstudied
971 1073 43 21 on

2 1111 128 30 Borneo
157 1110 64 31 and
247 1110 141 39 requires
413 1110 54 31 the
492 1110 228 39 development
746 1110 38 31 of
805 1120 70 21 new
901 1120 113 29 survey

1 1157 188 39 techniques
211 1157 71 31 that
305 1167 52 21 are
381 1157 136 31 suitable
539 1157 53 31 for
613 1167 55 21 use
691 1157 32 30 in
746 1157 117 31 timber
884 1167 129 21 conces-

2 1205 96 31 sions.
122 1205 30 30 A
174 1205 112 39 simple
308 1205 81 31 road
411 1205 200 39 monitoring
632 1215 154 29 program
807 1205 25 30 is
853 1205 161 39 presently

1 1252 95 39 being
114 1252 228 39 implemented
361 1252 32 30 in
412 1262 18 21 a
447 1252 190 31 concession
655 1252 32 30 in
706 1253 76 30 East
801 1252 213 31 Kalimantan

1 1299 155 31 Province
191 1299 48 39 (E.
275 1299 172 39 Meijaard,
481 1299 135 39 unpubl.
652 1299 87 37 data;
774 1299 142 31 Gordon
950 1299 63 31 and

2 1347 145 36 Stewart,
186 1346 135 39 unpubl.
361 1346 102 38 data),
502 1346 105 31 which
645 1346 151 39 provides
835 1346 179 39 important

1 1393 214 31 information
240 1403 43 21 on
307 1393 81 31 road
412 1403 56 21 use
493 1393 63 31 and
581 1393 144 39 crossing
749 1393 42 39 by
816 1403 18 21 a
857 1403 98 29 range
980 1393 38 31 of

2 1441 128 39 species.
166 1441 135 39 Finally,
335 1441 53 31 the
422 1451 74 21 area
528 1441 192 39 compacted
754 1441 42 39 by
828 1441 186 39 machinery

2 1488 116 31 should
140 1488 39 31 be
199 1488 193 37 minimised;
414 1488 63 30 this
497 1488 25 30 is
542 1498 90 21 more
653 1488 143 31 effective
817 1488 52 31 for
888 1498 125 29 revege-

1 1535 105 31 tation
128 1535 80 31 than
231 1535 193 39 attempting
446 1540 35 26 to
504 1535 202 31 rehabilitate
729 1535 88 31 these
841 1545 90 21 areas
953 1535 60 31 fol-

1 1582 118 39 lowing
145 1582 130 39 logging
302 1582 130 39 (Pinard
459 1587 30 26 et
515 1582 39 31 al.
581 1583 93 36 2000;
700 1582 118 31 Pinard
845 1582 64 31 and
935 1583 79 30 Putz

5 1630 101 38 1996).

1 1750 103 29 Leave
136 1748 84 31 dead
250 1759 35 19 or
313 1748 151 39 partially
497 1748 83 31 dead
611 1754 80 25 trees
724 1748 146 39 standing
903 1759 35 19 or
971 1750 42 28 in-

3 1801 72 25 tact.
123 1796 105 38 Many
242 1795 172 31 mammals
429 1795 127 39 depend
572 1805 44 21 on
630 1795 97 39 large,
744 1795 53 31 old
814 1795 63 31 and
893 1795 121 31 hollow

1 1847 91 32 trees,
109 1842 166 39 including
290 1842 104 37 bears,
411 1842 108 37 civets,
537 1842 160 39 squirrels,
715 1842 148 31 arboreal
879 1842 134 37 murids,

2 1890 63 31 and
83 1890 205 39 porcupines.
308 1890 121 39 Losing
445 1890 86 39 large
550 1895 96 26 stems
663 1900 61 21 can
741 1890 81 31 have
840 1890 174 39 long-term

1 1937 174 31 influences
195 1937 155 39 (Gordon
369 1942 30 26 et
419 1937 39 31 al.
483 1937 91 38 1990)
595 1937 75 37 and,
691 1937 157 39 although
867 1942 59 26 not
945 1937 69 31 well

1 1984 229 37 documented,
256 1984 191 39 potentially
472 1994 111 21 causes
609 1984 169 31 otherwise
803 1984 211 39 inexplicable

1 2031 122 31 decline
141 2041 37 21 or
194 2031 113 31 failure
324 2031 32 30 in
373 2031 100 31 forest
489 2031 224 39 regeneration
729 2031 33 30 in
778 2031 131 31 various
925 2036 89 34 parts

2 2078 38 31 of
60 2078 53 31 the
138 2078 112 31 world.
276 2078 67 31 The
368 2078 65 31 loss
458 2078 38 31 of
516 2078 214 39 mycorrhizal
755 2078 91 39 fungi
870 2078 144 39 possibly

2 2126 94 31 slows
114 2126 98 31 down
229 2126 254 31 recolonisation
500 2126 32 30 in
550 2126 178 31 clear-fells.
749 2126 123 39 Setting
890 2136 18 21 a
925 2136 88 21 max-

1 2173 102 31 imum
116 2173 109 39 felling
238 2173 157 31 diameter
408 2173 102 39 might
523 2173 102 31 retain
639 2183 98 29 many
750 2173 86 39 large
850 2178 91 32 trees,
956 2173 58 31 but

1 2220 39 30 its
57 2220 121 39 impact
197 2230 43 21 on
257 2220 101 31 forest
375 2220 135 39 ecology
528 2220 63 31 and
610 2220 137 39 forestry
765 2220 185 31 economics
968 2230 45 21 re-

1 2267 106 39 quires
125 2267 126 39 testing.
270 2268 96 30 Trees
383 2267 138 31 infected
539 2267 43 39 by
599 2267 159 31 heart-rot
776 2267 117 31 should
911 2267 39 31 be
968 2277 45 21 re-

1 2315 108 31 tained
132 2315 162 31 wherever
315 2315 141 39 possible
480 2325 34 21 as
536 2315 88 31 these
646 2315 135 39 provide
803 2315 137 31 hollows
963 2315 52 31 for

1 2362 196 31 vertebrates
213 2362 52 31 for
281 2362 163 39 breeding,
462 2362 136 39 nesting,
617 2362 63 31 and
699 2362 122 39 storing
838 2362 91 31 food.

1 2504 126 31 Reduce
151 2504 148 39 slashing.
346 2504 148 39 Slashing
520 2504 230 39 undergrowth
777 2504 63 31 and
866 2504 148 31 climbers

1 2551 52 31 for
85 2551 120 31 several
238 2561 91 29 years
361 2556 34 26 to
429 2551 115 31 reduce
578 2551 178 39 aggressive
790 2551 125 31 weeds
950 2551 63 31 and

1 2608 181 29 encourage
197 2598 223 39 regeneration
435 2598 59 31 has
510 2608 18 21 a
542 2598 193 31 deleterious
750 2598 92 31 effect
858 2608 43 21 on
916 2608 98 29 many

2 2645 129 39 species,
151 2645 166 39 including
335 2650 108 26 rattan
463 2645 63 31 and
546 2645 117 31 timber
682 2645 166 39 seedlings.
870 2646 37 29 In
925 2650 89 34 parts

2 2693 38 31 of
58 2694 140 36 Borneo,
221 2698 256 34 compartments
500 2693 100 31 slated
623 2693 52 31 for
696 2693 131 39 logging
849 2703 52 21 are
924 2693 90 31 often

1 2740 227 39 incompletely
258 2740 147 31 accessed
434 2740 63 31 due
525 2745 34 26 to
589 2745 139 26 extreme
757 2740 163 39 gradients
950 2740 63 31 and

1064 0 120 39 rugged
1206 0 135 31 diificult
1361 0 128 31 terrain.
1512 0 89 31 Thus
1621 10 91 21 more
1733 0 79 31 than
1833 0 72 31 half
1922 10 18 21 a
1961 0 115 39 logged

1064 52 240 34 compartment
1329 47 189 39 commonly
1543 47 139 31 remains
1708 47 163 39 unlogged
1898 47 82 31 after
2005 47 71 31 har-

1064 94 124 39 vesting
1207 94 25 30 is
1252 94 169 39 complete.
1444 95 37 29 In
1500 99 155 32 contrast,
1677 94 141 39 slashing
1838 94 25 30 is
1884 94 128 39 applied
2034 104 43 21 on

1064 141 72 31 foot
1155 141 63 31 and
1237 151 43 21 no
1300 151 89 21 areas
1408 151 52 21 are
1479 141 147 37 omitted,
1644 141 133 39 making
1795 141 23 30 it
1836 151 18 21 a
1871 141 98 31 much
1987 151 90 21 more

1064 189 127 39 general
1209 189 64 31 and
1291 189 138 31 obvious
1445 189 122 39 impact
1584 199 43 21 on
1644 189 126 39 logged
1788 190 100 30 areas
1907 189 55 39 (D.
1981 189 95 37 Sheil,

1064 246 81 29 pers.
1175 236 69 31 obs.
1276 236 208 38 1998-2003).
1513 237 88 30 Even
1628 236 27 30 if
1678 236 129 39 applied
1834 236 162 39 properly,
2023 236 54 31 the

1064 283 200 39 techniques
1289 283 208 31 silvicultural
1521 283 135 31 benefits
1681 293 122 29 appear
1826 283 133 37 limited,
1984 283 93 31 while

1064 330 53 31 the
1138 330 137 39 impacts
1297 340 43 21 on
1361 330 210 39 biodiversity
1592 330 64 31 and
1678 330 227 31 communities
1927 340 52 21 are
2000 340 76 21 con-

1065 378 157 31 siderable
1242 378 105 39 (while
1367 378 53 31 the
1440 378 137 39 impacts
1597 378 38 31 of
1651 378 141 39 slashing
1812 388 43 21 on
1875 378 129 31 wildlife
2024 388 53 21 are

1064 430 58 26 not
1144 425 119 39 closely
1285 425 154 37 assessed,
1462 425 53 31 the
1537 425 212 39 understorey
1771 425 25 30 is
1818 425 116 39 clearly
1956 425 121 39 greatly

1065 472 135 31 affected
1222 472 99 39 (Sheil
1341 477 30 26 et
1392 472 38 31 al.
1453 472 117 38 2006)].
1593 472 148 39 Slashing
1761 472 231 39 undergrowth
2013 472 63 31 and

1064 519 148 31 climbers
1225 529 74 29 may
1312 519 39 31 be
1365 529 34 21 as
1412 519 175 39 damaging
1601 529 34 21 as
1648 519 184 39 harvesting
1845 519 94 37 itself,
1953 519 64 31 and
2031 529 46 21 we

1065 572 127 34 suggest
1209 567 70 31 that
1295 567 54 31 the
1365 567 107 39 policy
1489 567 39 31 be
1544 567 165 31 reviewed.

1065 687 132 29 Prevent
1216 691 134 25 streams
1362 685 88 39 from
1470 685 106 39 silting
1596 696 48 28 up.
1692 685 126 39 Species
1838 685 62 31 like
1920 685 53 31 the
1994 690 84 26 otter

1064 732 91 37 civet,
1177 732 162 39 Cynogale
1357 732 151 31 bennettii
1525 732 114 39 (Gray,
1663 732 103 38 1837),
1785 732 127 39 depend
1932 742 43 21 on
1994 732 84 31 clear

1064 784 99 26 water
1176 779 52 31 for
1240 779 154 39 breeding
1409 779 63 31 and
1487 779 137 39 feeding.
1640 780 122 38 Proper
1775 779 153 39 drainage
1943 784 134 34 systems

1064 826 70 31 that
1151 826 71 31 feed
1240 826 68 31 into
1327 826 166 39 vegetated
1512 836 91 21 areas
1620 826 64 31 and
1702 826 292 31 well-constructed
2013 826 63 31 and

1064 874 285 31 well-maintained
1372 874 128 39 bridges
1523 874 63 31 and
1609 874 137 31 culverts
1769 884 52 21 are
1843 874 180 39 important
2045 874 32 30 in

1064 921 137 39 keeping
1219 926 135 26 streams
1371 921 94 37 clear,
1484 921 104 31 which
1606 921 25 30 is
1650 921 68 31 also
1736 931 75 29 very
1829 921 179 39 important
2026 921 52 31 for

1064 968 83 31 local
1175 968 123 31 human
1326 968 236 31 communities.
1593 968 240 37 Furthermore,
1861 968 54 31 the
1942 968 61 31 law
2031 978 45 21 re-

1064 1015 106 39 quires
1201 1015 131 39 logging
1363 1015 164 31 exclusion
1558 1025 98 21 zones
1688 1015 126 31 around
1847 1020 134 26 streams
2013 1015 63 31 and

1064 1068 196 34 waterways.
1287 1064 122 38 Proper
1433 1063 281 39 implementation
1740 1063 39 31 of
1800 1063 88 31 these
1913 1063 77 31 laws
2015 1063 62 31 will

1065 1110 213 39 significantly
1300 1110 118 31 benefit
1441 1110 130 39 aquatic
1592 1115 195 34 ecosystems
1809 1110 32 30 in
1863 1110 117 31 timber
2000 1120 76 21 con-

1064 1157 151 31 cessions.

1064 1277 160 29 Maintain
1242 1277 128 29 interior
1379 1275 105 39 forest
1501 1277 216 37 connectivity.
1765 1275 220 39 Maintaining
2000 1285 76 21 con-

1064 1323 130 39 tiguous
1211 1323 214 31 undisturbed
1443 1323 116 31 forests
1577 1333 34 21 as
1628 1323 69 31 well
1715 1333 34 21 as
1766 1323 163 31 corridors
1947 1323 38 31 of
1998 1323 78 31 inte-

1064 1370 66 31 rior
1142 1370 100 31 forest
1256 1370 135 31 benefits
1404 1370 179 31 vertebrate
1597 1370 100 31 fauna
1712 1370 146 39 (Marcot
1871 1375 30 26 et
1915 1370 39 31 al.
1969 1370 106 38 2001).

1064 1417 186 39 Preserving
1269 1427 41 21 an
1329 1427 93 29 array
1440 1417 39 31 of
1493 1417 148 39 adjacent
1659 1417 213 31 undisturbed
1891 1417 117 31 forests
2026 1417 52 31 for

1064 1464 136 39 refuges,
1215 1474 74 21 core
1304 1464 64 31 and
1384 1464 236 39 supplemental
1634 1464 153 37 habitats,
1803 1464 64 31 and
1882 1474 130 21 sources
2026 1464 52 31 for

1064 1511 216 39 recolonising
1302 1511 212 39 populations
1536 1511 25 30 is
1583 1511 190 39 important,
1796 1511 208 39 particularly
2026 1511 52 31 for

1064 1569 90 21 more
1177 1559 147 31 sensitive
1346 1559 300 39 forest-dependent
1668 1559 129 39 species.
1821 1559 137 31 Habitat
1980 1559 96 31 corri-

1064 1606 77 31 dors
1152 1611 138 26 connect
1301 1606 133 39 patches
1447 1606 38 31 of
1492 1606 214 31 undisturbed
1718 1606 111 37 forest,
1842 1606 74 31 thus
1929 1606 148 39 assisting

1065 1653 136 31 animals
1216 1653 71 31 that
1301 1653 62 31 will
1379 1658 58 26 not
1452 1658 89 26 enter
1557 1663 85 29 open
1658 1663 90 21 areas
1763 1658 34 26 to
1813 1653 151 39 disperse.

1064 1773 120 29 Ensure
1196 1771 156 39 adequate
1365 1782 146 28 recovery
1520 1771 137 39 periods.
1703 1771 105 31 When
1822 1771 153 39 practical
1989 1771 88 31 there

1064 1819 62 31 will
1141 1819 39 31 be
1194 1819 136 31 benefits
1344 1819 27 30 if
1382 1819 121 31 annual
1517 1819 109 39 felling
1641 1829 120 29 coupes
1776 1829 60 21 can
1851 1819 39 31 be
1906 1819 170 39 organised

1064 1866 77 31 with
1160 1876 89 21 some
1268 1866 114 39 degree
1401 1866 39 31 of
1454 1866 156 39 dispersal
1628 1871 34 26 to
1682 1866 153 31 facilitate
1854 1866 223 39 regeneration

1065 1913 63 31 and
1150 1913 174 39 migration
1346 1913 38 31 of
1400 1913 130 31 wildlife
1550 1913 166 31 disturbed
1738 1913 42 39 by
1800 1913 131 39 logging
1952 1913 125 39 (DFID

1068 1960 101 38 1999).
1185 1960 32 30 If
1225 1960 152 39 possible,
1391 1960 63 30 this
1468 1960 117 31 should
1599 1960 127 31 involve
1740 1960 123 39 closing
1877 1970 89 21 some
1979 1960 98 31 roads

1064 2008 209 39 temporarily
1299 2018 35 21 so
1360 2008 71 31 that
1456 2008 136 31 animals
1617 2018 61 21 can
1703 2008 135 39 migrate
1863 2008 213 31 undisturbed

1065 2055 63 31 and
1142 2055 138 39 hunting
1292 2065 147 29 pressure
1452 2055 25 30 is
1490 2055 148 31 reduced.
1654 2055 76 30 This
1743 2065 112 21 means
1868 2055 209 39 dismantling

1064 2102 82 31 river
1163 2102 161 39 crossings
1343 2102 163 39 (culverts)
1526 2112 37 21 or
1580 2102 163 39 installing
1761 2107 89 34 gates
1869 2102 63 31 and
1951 2112 125 29 perma-

1064 2149 110 39 nently
1197 2149 124 39 closing
1345 2149 98 31 roads
1467 2149 93 31 when
1584 2149 75 39 they
1684 2159 52 21 are
1761 2159 43 21 no
1829 2149 113 39 longer
1965 2149 32 30 in
2021 2159 56 21 use

1065 2197 136 39 (Mason
1219 2197 63 31 and
1300 2198 79 30 Putz
1395 2197 106 38 2001).

1064 2317 120 29 Ensure
1220 2315 83 39 legal
1337 2317 223 37 requirements
1595 2326 55 20 are
1685 2315 156 39 enforced.
1888 2316 118 30 Means
2043 2315 39 31 of

1064 2362 221 31 enforcement
1304 2362 116 31 should
1439 2362 39 31 be
1496 2362 82 31 built
1596 2362 68 31 into
1683 2362 186 39 guidelines.
1890 2362 92 31 Since
2000 2372 76 29 gov-

1064 2414 147 26 ernment
1229 2409 190 31 authorities
1437 2409 128 31 control
1583 2409 131 39 logging
1733 2409 63 31 and
1815 2409 53 31 the
1886 2409 191 31 concession

1064 2456 144 31 controls
1225 2456 147 39 security,
1389 2456 216 39 self-policing
1621 2456 117 31 should
1755 2456 39 31 be
1810 2456 173 31 combined
2000 2456 77 31 with

1064 2504 177 39 check-ups
1264 2504 43 39 by
1330 2504 100 31 forest
1454 2504 104 39 police
1583 2504 63 31 and
1672 2504 93 31 other
1787 2504 188 39 designated
2000 2514 76 29 gov-

1064 2556 147 26 ernment
1228 2551 275 39 representatives.
1522 2551 250 39 Opportunities
1789 2551 53 31 for
1858 2551 219 31 involvement

1065 2598 63 31 and
1149 2598 200 31 verification
1370 2598 117 31 should
1508 2598 39 31 be
1567 2598 93 39 given
1680 2603 34 26 to
1736 2598 93 31 other
1847 2598 106 39 major
1973 2598 103 31 stake-

1064 2645 130 31 holders
1211 2645 216 39 (community
1443 2645 276 39 representatives,
1737 2645 116 31 NGOs
1869 2645 74 38 etc.)
1961 2645 64 31 and
2042 2650 34 26 to

1065 2693 114 39 agreed
1210 2693 85 31 third
1325 2693 128 39 parties.
1485 2694 151 38 Forestry
1665 2693 212 31 certification
1907 2693 116 37 audits,
2054 2693 27 30 if

1065 2740 190 39 applicable,
1273 2740 135 39 provide
1425 2750 62 21 one
1504 2750 111 21 means
1632 2745 34 26 to
1683 2750 103 29 gauge
1804 2750 133 21 success.
