2079 2770
1 0 58 31 has
73 10 18 21 a
104 0 192 31 deleterious
309 0 93 31 effect
416 10 44 21 on
472 10 99 29 many
584 0 130 39 species,
729 0 165 39 including
906 5 108 26 rattan

2 47 63 31 and
85 47 117 31 timber
221 47 156 39 seedlings
397 47 64 39 (see
481 47 84 31 Sheil
585 47 64 31 and
670 47 146 31 Burslem
834 47 95 38 2003)
950 47 63 31 and

1 104 98 29 many
115 94 172 31 terrestrial
304 94 195 31 vertebrates
517 94 63 31 and
598 94 240 31 invertebrates.

55 142 99 31 Small
170 142 182 31 mammals’
370 142 162 31 tolerance
548 147 34 26 to
600 142 100 31 forest
716 142 207 31 disturbance
939 152 75 29 may

2 189 68 31 also
89 189 39 31 be
146 189 148 31 reflected
313 189 42 39 by
373 189 53 31 the
445 189 61 31 size
526 189 38 31 of
578 189 82 31 their
677 189 210 31 distribution
904 199 108 29 range.

2 236 160 39 Meyaard
189 241 30 26 et
246 236 38 31 al.
313 236 109 39 (2007)
448 236 104 31 found
579 236 70 31 that
675 237 151 30 Bornean
852 236 162 31 endemics

1 293 81 21 were
98 293 90 21 more
205 283 147 31 sensitive
369 288 34 26 to
419 283 131 39 logging
566 283 79 31 than
661 293 90 21 more
767 283 246 39 widely-spread

2 331 128 39 species.
152 331 108 31 Wells’
282 331 78 31 data
381 331 108 39 (2005)
512 336 137 34 support
669 331 73 37 this,
763 331 77 31 with
861 331 53 31 the
936 332 77 30 Bor-

1 388 84 21 nean
102 378 147 31 endemic
267 378 150 39 squirrels
434 380 148 29 Lariscus
599 378 88 31 hosei
703 378 64 31 and
786 378 229 31 Sundasciurus

1 425 132 31 brookei
153 425 169 39 (Thomas,
348 425 92 38 1892)
464 425 63 31 and
550 425 54 31 the
626 425 147 31 endemic
793 430 66 26 rats
883 425 130 39 Chirop-

2 472 131 39 odomys
151 474 102 37 major
272 472 168 39 (Thomas,
465 472 91 38 1893)
577 472 64 31 and
661 474 176 37 Maxomys
857 472 156 31 ochracei-

3 525 103 25 venter
134 519 168 39 (Thomas,
334 519 91 38 1894)
454 519 76 39 only
557 519 155 31 recorded
740 519 33 30 in
800 519 213 31 undisturbed

1 567 109 31 forest.
152 568 104 38 Many
295 568 150 30 Bornean
484 567 162 31 endemics
685 577 52 21 are
776 567 164 31 restricted
979 572 34 26 to

1 614 235 31 mountainous
254 614 142 31 habitats
414 614 104 31 where
536 614 206 31 commercial
760 614 117 31 timber
893 614 120 39 exploi-

1 661 105 31 tation
122 661 26 30 is
164 661 180 39 expensive;
362 661 161 39 generally
539 661 88 31 these
645 661 119 39 species
782 671 53 21 are
851 661 163 39 relatively

2 708 66 31 safe
86 708 86 31 from
189 708 54 31 the
260 708 137 39 impacts
416 708 38 31 of
467 708 140 39 logging.
625 709 59 30 We
702 708 133 39 predict,
853 708 160 37 however,

1 756 70 31 that
91 757 151 30 Bornean
261 756 141 31 lowland
422 756 162 31 endemics
603 756 70 31 face
692 756 76 39 high
788 756 121 31 threats
928 756 86 31 from

1 803 131 39 logging
155 803 65 39 (for
241 803 163 39 examples
427 803 32 30 in
482 803 148 31 addition
653 808 34 26 to
710 803 93 31 those
826 803 187 31 mentioned

2 850 114 37 above,
132 860 50 21 see
196 850 100 31 Table
313 850 42 38 4).
371 850 77 30 This
462 850 25 30 is
502 850 236 31 substantiated
753 850 43 39 by
809 850 147 31 research
971 860 43 21 on

1 897 153 39 primates
177 897 71 31 that
271 897 106 31 shows
400 897 71 31 that
494 897 92 31 small
609 897 197 39 geographic
828 907 97 29 range
950 897 63 31 and

1 945 77 39 high
108 945 177 39 ecological
316 945 365 39 specialisation—both
711 945 238 31 characteristic
980 945 38 31 of

2 993 151 30 Bornean
196 992 261 31 endemics—are
501 992 170 39 positively
714 992 178 31 correlated
937 992 77 31 with

1 1039 177 31 extinction
198 1039 65 30 risk
285 1039 108 39 (Eeley
415 1039 64 31 and
501 1039 100 39 Foley
625 1040 89 36 1999;
735 1040 166 30 Harcourt
922 1044 30 26 et
974 1039 38 31 al.

1 1086 105 38 2002).

54 1134 67 31 The
138 1139 87 26 most
243 1134 139 31 obvious
399 1134 123 39 change
539 1134 33 30 in
589 1134 100 31 forest
706 1134 221 39 composition
944 1134 70 31 that

1 1181 114 31 results
136 1181 86 31 from
243 1181 117 31 timber
380 1181 185 39 harvesting
585 1181 26 30 is
632 1181 53 31 the
707 1181 143 31 removal
873 1181 38 31 of
928 1181 86 39 large

1 1228 117 31 timber
143 1228 129 39 species.
300 1229 91 30 Does
416 1228 63 30 this
506 1228 145 31 selective
677 1228 92 31 effect
795 1228 82 31 have
902 1238 111 21 conse-

1 1285 139 29 quences
160 1275 52 31 for
231 1275 146 31 wildlife?
398 1275 146 39 Logging
564 1275 32 30 in
617 1276 128 30 Borneo
766 1275 165 39 primarily
951 1280 62 26 tar-

1 1328 67 34 gets
93 1323 233 39 dipterocarps,
353 1323 63 31 and
443 1333 35 21 so
503 1323 196 31 vertebrates
723 1323 71 31 that
818 1323 126 39 depend
971 1333 43 21 on

1 1370 88 31 these
112 1375 81 26 trees
216 1370 64 31 and
304 1370 93 31 other
418 1370 206 31 commercial
647 1370 117 31 timber
786 1370 120 39 species
929 1370 84 39 (e.g.,

1 1417 134 39 Agathis
163 1417 85 39 spp.)
277 1417 108 31 would
415 1417 95 39 likely
538 1417 39 31 be
606 1417 333 39 disproportionately
968 1417 45 31 af-

1 1464 113 31 fected.
129 1465 55 30 No
199 1464 94 39 study
307 1469 144 34 suggests
463 1464 70 31 that
546 1474 63 29 any
621 1464 196 31 vertebrates
829 1464 127 39 depend
971 1474 43 21 on

1 1512 53 31 the
72 1512 104 31 leaves
195 1512 38 31 of
246 1512 117 31 timber
380 1517 81 26 trees
478 1517 34 26 to
532 1522 62 29 any
612 1512 181 39 significant
810 1517 117 26 extent.
947 1512 67 31 The

1 1559 137 31 relation
162 1559 77 31 with
264 1559 90 31 seeds
379 1559 63 31 and
467 1559 93 31 fruits
584 1559 26 30 is
634 1569 90 21 more
749 1559 158 39 complex.
934 1559 79 31 Seed

1 1611 102 26 eaters
121 1606 78 31 such
216 1616 35 21 as
267 1606 141 31 bearded
426 1606 69 39 pigs
513 1606 75 39 (Sus
603 1606 175 38 barbatus),
795 1606 123 31 murids
936 1606 78 31 such

2 1663 34 21 as
50 1655 176 37 Maxomys
241 1653 63 31 and
319 1653 233 39 Leopoldamys
566 1653 110 39 (Wells
692 1653 63 31 and
772 1653 120 39 Bagchi
906 1653 107 38 2005),

2 1701 63 31 and
81 1701 120 31 certain
217 1701 150 39 squirrels
381 1706 52 26 eat
447 1701 88 31 these
551 1701 89 31 seeds
655 1701 32 30 in
701 1701 86 39 large
802 1701 164 37 numbers,
982 1706 32 26 at

1 1748 79 31 least
101 1748 116 39 during
238 1748 133 39 fruiting
393 1748 327 31 seasons—however
740 1748 88 31 these
849 1758 165 21 resources

2 1805 52 21 are
70 1805 75 29 very
161 1795 148 31 seasonal
325 1805 36 21 so
378 1795 41 31 all
434 1795 88 31 these
539 1795 119 39 species
675 1805 52 21 are
744 1795 67 31 also
828 1795 186 39 generalists

1 1842 70 31 that
91 1842 72 31 feed
185 1852 43 21 on
249 1842 130 31 various
401 1842 93 31 other
514 1852 174 21 resources.
712 1842 78 37 Still,
812 1842 128 39 general
960 1842 53 31 de-

1 1890 97 31 clines
118 1890 33 30 in
171 1890 54 39 pig
245 1890 121 31 fatness
386 1890 82 31 have
488 1890 81 31 been
591 1890 156 31 observed
769 1890 72 39 (but
861 1895 58 26 not
940 1890 73 31 sub-

2 1937 187 38 stantiated)
217 1937 42 39 by
285 1937 194 39 indigenous
505 1937 133 31 hunters
665 1937 147 39 working
838 1937 33 30 in
898 1937 115 39 logged

1 1984 100 31 forest
119 1984 104 31 where
242 1984 233 39 mast-fruiting
494 1984 120 39 species
632 1984 81 31 have
731 1984 82 31 been
831 1984 118 39 largely
968 1994 45 21 re-

1 2031 118 31 moved
140 2031 49 39 (E,
211 2031 172 39 Meijaard,
404 2041 81 29 pers.
508 2031 94 38 obs.).
625 2031 67 31 The
712 2031 137 31 massive
869 2031 90 39 pulse
980 2031 38 31 of

2 2078 89 31 seeds
114 2078 71 31 that
208 2088 113 21 occurs
344 2078 116 39 during
484 2078 235 39 supra-annual
742 2078 140 39 masting
904 2083 110 26 events

1 2136 75 29 may
95 2126 39 31 be
155 2136 18 21 a
193 2126 181 39 significant
394 2126 106 31 factor
518 2126 33 30 in
570 2126 54 31 the
643 2126 226 39 reproductive
890 2136 124 21 success

1065 0 63 31 and
1147 0 210 39 longer-term
1374 0 196 39 population
1588 0 167 39 dynamics
1774 0 39 31 of
1826 0 131 31 various
1975 10 101 21 mam-

1064 47 189 31 mals—this
1269 47 25 30 is
1312 57 18 21 a
1346 47 89 39 topic
1451 47 167 39 deserving
1635 47 124 31 further
1776 47 104 39 study.

1118 94 291 39 Larger-stemmed
1426 99 81 26 trees
1524 94 68 31 also
1608 94 135 39 provide
1759 94 138 31 hollows
1912 94 52 31 for
1979 104 98 29 many

1065 141 119 39 species
1201 146 35 26 to
1254 146 70 26 nest
1342 141 63 31 and
1425 146 85 26 store
1527 141 91 31 food.
1639 141 93 31 Little
1750 141 214 31 information
1982 141 95 31 exists

1065 189 102 31 about
1181 189 53 31 the
1249 189 209 31 distribution
1474 189 63 31 and
1552 189 233 31 determinants
1801 189 38 31 of
1849 194 65 26 tree
1928 189 147 31 hollows.

1064 236 89 39 They
1169 246 121 29 appear
1304 246 91 21 more
1410 236 95 39 likely
1520 236 33 30 in
1568 236 287 39 larger-stemmed,
1872 236 204 31 heartwood-

1064 283 142 39 forming
1232 283 120 39 species
1377 283 77 31 with
1480 283 163 39 relatively
1668 283 80 39 light
1773 283 125 31 timber.
1927 283 149 39 Initially,

1065 330 81 31 after
1166 330 121 31 limited
1309 330 117 31 timber
1446 330 154 37 removal,
1622 330 86 39 large
1729 330 64 31 and
1814 330 160 39 damaged
1996 335 81 26 trees

1064 388 75 29 may
1163 378 135 39 provide
1324 378 106 39 ample
1454 378 264 39 cavity-forming
1744 378 249 39 opportunities,
2019 378 58 31 but

1064 425 63 30 this
1145 435 75 29 may
1238 425 124 39 change
1380 425 28 30 if
1422 425 103 39 larger
1543 430 81 26 trees
1643 435 53 21 are
1715 425 179 39 ultimately
1912 425 164 37 removed,

1064 472 139 39 perhaps
1217 482 77 21 over
1307 472 120 31 several
1440 472 124 39 cutting
1576 472 111 39 cycles.
1702 473 96 30 Trees
1811 472 32 30 in
1856 472 221 39 regenerating

1064 519 100 31 forest
1182 519 111 31 stands
1311 529 74 29 may
1402 524 59 26 not
1478 519 133 31 contain
1628 519 98 31 much
1743 519 91 31 heart
1851 524 52 26 rot
1921 519 63 31 and
2002 529 75 29 may

1064 572 58 26 not
1137 567 137 39 develop
1288 567 86 39 large
1389 567 139 31 cavities.
1545 568 70 30 Not
1630 567 41 31 all
1685 567 137 39 tropical
1837 572 81 26 trees
1933 567 144 39 produce

1064 614 239 39 metabolically
1325 614 81 31 inert
1428 614 201 37 heartwood,
1653 614 158 39 although
1832 614 53 31 the
1908 614 123 39 subject
2052 614 25 30 is

1064 661 78 31 little
1170 661 126 31 studied
1325 661 67 39 (Ng
1422 661 102 38 1986).
1554 662 36 29 In
1618 661 158 37 addition,
1804 661 54 31 the
1886 661 99 39 shape
2013 661 63 31 and

1065 708 210 31 architecture
1290 708 38 31 of
1337 708 140 37 cavities,
1493 708 63 31 and
1570 708 144 31 whether
1726 708 75 39 they
1814 708 114 31 collect
1940 713 100 26 water
2052 708 25 30 is

1064 756 95 39 likely
1180 761 34 26 to
1235 756 40 31 be
1295 756 181 31 influenced
1498 756 42 39 by
1561 756 53 31 the
1635 756 238 31 characteristic
1894 756 92 39 angle
2007 756 70 31 that

1064 803 158 31 branches
1240 803 95 31 make
1352 803 77 31 with
1447 803 53 31 the
1518 803 88 31 main
1623 803 109 37 trunk,
1750 803 54 31 the
1821 803 114 31 details
1954 803 38 31 of
2006 803 70 31 self-

1064 850 150 39 pruning,
1247 850 64 31 and
1343 850 102 31 active
1477 850 63 31 and
1572 850 126 39 passive
1729 860 170 29 responses
1930 855 34 26 to
1997 855 81 26 stem

1064 897 137 39 damage
1234 897 83 39 (e.g.,
1351 897 120 31 Loehle
1506 897 242 39 1988)—topics
1779 897 71 31 that
1882 897 40 31 all
1954 897 123 31 remain

1064 945 116 39 poorly
1197 945 197 31 researched.

1118 992 129 31 Besides
1265 992 148 37 hollows,
1432 1002 98 29 many
1548 992 156 31 mammal
1723 992 120 39 species
1862 992 68 31 also
1949 992 127 39 depend

1065 1049 43 21 on
1132 1039 93 31 other
1248 1039 172 31 structural
1442 1039 140 31 features
1605 1039 52 31 for
1680 1039 159 39 foraging,
1863 1039 154 39 breeding
2041 1049 37 21 or

1064 1086 128 39 resting.
1225 1087 58 30 We
1315 1086 98 31 know
1445 1086 78 31 little
1556 1086 102 31 about
1690 1086 53 31 the
1775 1086 144 39 physical
1951 1086 126 31 habitat

1065 1139 157 26 structure
1238 1134 147 39 required
1402 1134 42 39 by
1459 1139 87 26 most
1562 1134 128 39 species.
1709 1134 221 39 Maintaining
1946 1144 18 21 a
1980 1134 97 31 dense

1065 1181 63 31 and
1158 1181 98 31 moist
1285 1181 212 39 understorey
1527 1191 34 21 as
1590 1181 69 31 well
1689 1191 34 21 as
1753 1181 198 31 continuous
1981 1181 96 31 aerial

1064 1228 168 39 pathways
1252 1238 101 21 seems
1372 1233 34 26 to
1426 1228 39 31 be
1484 1228 207 39 particularly
1710 1228 180 39 important
1909 1228 52 31 for
1979 1238 98 29 many

1065 1275 128 39 species.
1221 1275 80 31 Also
1327 1275 214 39 maintaining
1566 1275 217 39 connectivity
1808 1275 144 31 between
1977 1275 100 31 forest

1064 1323 132 39 patches
1219 1333 137 29 appears
1377 1323 190 39 important,
1591 1333 34 21 as
1647 1323 25 30 is
1694 1323 182 39 protecting
1897 1323 77 31 fruit
1996 1328 81 26 trees

1065 1370 78 31 such
1156 1380 34 21 as
1203 1370 58 39 figs
1274 1370 64 31 and
1351 1370 159 39 retaining
1522 1370 83 31 dead
1618 1370 107 31 wood.
1741 1370 146 39 Logging
1900 1370 111 31 affects
2023 1370 54 31 the

1064 1417 321 31 three-dimensional
1406 1417 112 39 layout
1540 1417 38 31 of
1596 1427 18 21 a
1635 1417 100 31 forest
1756 1417 32 30 in
1809 1427 99 29 many
1928 1417 149 31 different

1064 1474 97 29 ways,
1181 1464 158 39 although
1357 1464 23 30 it
1398 1464 26 30 is
1442 1464 135 31 difficult
1595 1469 34 26 to
1648 1464 174 39 generalise
1841 1464 102 31 about
1961 1464 53 31 the
2033 1464 43 31 ef-

1064 1512 79 31 fects
1160 1522 43 21 on
1220 1522 63 29 any
1299 1512 175 39 particular
1490 1512 129 39 species.
1639 1512 153 39 Creating
1808 1522 79 29 gaps
1903 1512 62 31 will
1983 1512 94 31 affect

1064 1569 116 29 energy
1204 1559 232 39 requirements
1460 1564 34 26 to
1519 1569 95 21 move
1638 1559 142 39 through
1804 1559 53 31 the
1881 1559 195 39 vegetation,

1064 1606 77 31 with
1154 1606 119 39 species
1286 1606 70 31 that
1368 1606 44 31 do
1425 1611 58 26 not
1495 1606 84 39 glide
1592 1616 37 21 or
1637 1606 94 39 jump
1744 1616 102 21 worse
1859 1606 146 31 affected.
2018 1607 59 30 We

1064 1658 122 34 expect,
1211 1653 52 31 for
1286 1653 155 37 instance,
1466 1653 70 31 that
1561 1653 98 39 flying
1683 1653 128 37 lemurs,
1838 1653 240 39 Cynocephalus

1066 1703 176 37 variegatus
1259 1701 191 39 (Audebert,
1472 1701 103 38 1799),
1594 1701 64 31 and
1675 1701 99 39 flying
1791 1701 150 39 squirrels
1958 1701 62 31 will
2038 1701 39 31 be

1064 1748 163 39 relatively
1243 1748 183 31 unaffected
1444 1748 42 39 by
1502 1748 117 31 timber
1635 1748 189 31 extraction.
1844 1749 96 30 Some
1958 1748 119 39 species

1064 1795 62 31 will
1140 1795 119 31 benefit
1272 1795 87 31 from
1372 1805 79 29 gaps
1465 1795 96 39 being
1574 1795 138 37 created,
1728 1795 78 31 such
1821 1805 34 21 as
1868 1795 85 37 deer;
1968 1795 109 31 others

1064 1842 62 31 will
1141 1842 56 31 fail
1212 1847 34 26 to
1263 1842 66 31 find
1346 1842 80 31 food
1443 1842 32 30 in
1490 1852 90 29 gaps,
1598 1842 78 31 such
1692 1852 34 21 as
1741 1842 134 31 interior
1889 1842 100 31 forest
2005 1842 72 31 bats

1064 1889 62 31 like
1146 1889 229 39 Hipposideros
1395 1899 69 29 spp.
1487 1889 63 31 and
1571 1889 216 39 Rhinolophus
1807 1899 69 29 spp.
1899 1889 178 39 (Kingston

1064 1937 105 38 2004).
1189 1938 96 30 Some
1303 1937 119 39 species
1439 1937 119 31 benefit
1574 1937 87 31 from
1676 1937 54 31 the
1747 1937 154 31 cluttered
1920 1942 157 26 structure

1065 1984 38 31 of
1113 1984 98 31 lower
1224 1984 185 39 vegetation
1423 1984 95 31 levels
1532 1984 167 39 following
1714 1984 130 39 logging
1859 1984 112 39 (many
1985 1984 92 31 small

1064 2031 156 38 rodents).
1242 2031 118 39 Again,
1381 2031 53 31 the
1455 2041 90 21 more
1566 2031 174 39 adaptable
1761 2041 18 21 a
1800 2031 120 39 species
1940 2031 25 30 is
1985 2031 33 30 in
2038 2031 39 30 its

1064 2078 190 37 behaviour,
1279 2078 53 31 the
1356 2088 91 21 more
1471 2078 95 39 likely
1590 2078 23 30 it
1637 2078 62 31 will
1724 2088 81 29 cope
1829 2078 69 31 well
1923 2078 76 31 with
2023 2078 54 31 the

1064 2126 109 31 effects
1190 2126 38 31 of
1241 2126 140 39 logging.

1 2340 83 25 Table
97 2339 16 25 4
134 2339 81 26 Some
229 2339 127 25 Bornean

1 2376 136 26 endemics
151 2376 138 26 restricted
303 2381 29 21 to
347 2376 119 26 lowland
532 2366 141 26 Common
687 2374 81 17 name

1227 2366 134 26 Scientific
1375 2374 80 17 name
1852 2365 149 33 Authority

1 2414 98 26 forests
113 2414 54 26 and
181 2415 80 32 likely
275 2419 29 21 to
318 2415 34 25 be

1 2446 270 44 logging-intolerant
533 2448 127 25 Bornean
674 2448 53 32 bay
741 2452 43 21 cat

532 2487 75 32 Grey
620 2491 55 21 tree
689 2491 41 21 rat

532 2525 100 32 Wooly
646 2529 55 21 tree
714 2529 42 21 rat

533 2563 93 25 Lesser
640 2571 81 17 ranee
734 2571 96 17 mouse

533 2602 93 25 Lesser
640 2610 100 24 pygmy
754 2602 82 32 flying
851 2602 113 32 squirrel

533 2640 99 25 Hose’s
645 2648 101 24 pygmy
759 2640 83 32 flying
857 2640 112 32 squirrel

532 2677 100 26 Tufted
646 2677 107 33 ground
769 2678 112 32 squirrel

533 2718 129 31 Ear-spot
677 2717 112 32 squirrel

1852 2448 84 32 Gray,
1956 2448 64 25 1847

1852 2487 99 30 Miller,
1971 2487 63 26 1903

1853 2526 140 29 Emmons,
2012 2525 64 26 1993

1852 2563 130 30 Thomas,
2001 2563 63 26 1893

1852 2602 130 30 Thomas,
2001 2602 64 26 1908

1852 2640 130 30 Thomas,
2001 2640 65 26 1900

1852 2678 84 32 Gray,
1956 2678 65 26 1856

1853 2717 91 30 Kloss,
1963 2717 62 25 1921

1228 2449 150 32 Catopuma
1392 2448 79 26 badia

1226 2487 146 26 Lenothrix
1386 2496 80 17 canus

1226 2525 198 33 Pithecheirops
1439 2527 72 23 otion

1226 2564 151 32 Haeromys
1388 2563 110 33 pusillus

1226 2602 159 26 Petaurillus
1398 2602 104 26 emiliae

1226 2640 159 26 Petaurillus
1398 2640 74 26 hosei

1227 2678 229 26 Rheithrosciurus
1469 2680 126 24 macrotis

1228 2717 178 26 Callosciurus
1420 2717 103 26 adamsi
