2081 2779
1 0 99 39 pared
123 5 34 26 to
180 0 116 39 logged
319 0 109 31 forest.
452 0 68 31 The
543 0 245 31 small-toothed
811 0 89 39 palm
921 0 92 37 civet,

1 47 217 39 Arctogalidia
238 49 161 37 trivirgata
419 47 114 39 (Gray,
557 47 103 38 1832),
679 57 65 21 was
764 47 76 39 only
858 47 104 31 found
982 47 32 30 in

1 94 206 39 regenerated
234 94 64 31 and
324 94 162 39 unlogged
513 94 110 37 forest,
650 94 58 31 but
733 99 59 26 not
817 94 32 30 in
875 94 139 39 recently

1 142 115 39 logged
134 142 100 31 forest
251 142 172 39 (Syakirah
440 147 30 26 et
487 142 39 31 al.
545 142 105 38 2000).

55 190 100 30 From
171 199 60 21 our
247 199 74 21 own
338 189 225 31 observations
579 189 32 30 in
627 189 117 31 timber
759 189 207 31 concessions
982 189 32 30 in

2 237 139 36 Borneo,
161 236 120 39 species
299 236 78 31 such
396 246 34 21 as
453 238 32 28 V.
506 236 201 39 tangalunga,
727 238 34 28 P.
781 236 232 39 hermaphrodi-

3 289 57 31 tus,
81 283 64 31 and
165 285 142 37 Paguma
327 283 120 31 larvata
467 283 128 39 (Smith,
619 283 92 38 1827)
731 293 53 21 are
803 293 74 21 seen
896 283 118 31 almost

1 341 93 29 every
113 331 92 39 night
224 331 117 39 during
361 341 129 29 surveys
511 341 43 21 on
574 331 131 39 logging
724 331 108 37 roads,
853 331 161 39 probably

1 388 90 21 more
109 388 35 21 so
162 378 32 30 in
211 378 53 31 the
281 378 60 31 less
358 378 167 31 disturbed
542 378 100 31 forest
659 378 80 31 than
755 378 33 30 in
804 378 54 31 the
875 378 139 39 recently

1 425 127 39 logged,
152 425 126 39 heavily
301 425 166 31 disturbed
492 435 90 21 areas
606 425 48 39 (E.
681 425 172 39 Meijaard,
877 425 135 39 unpubl.

1 472 100 38 data).
126 472 68 31 The
216 472 119 39 largely
359 472 148 31 arboreal
529 473 38 29 A.
594 474 161 37 trivirgata
778 472 64 31 and
865 473 150 30 Arctictis

1 519 167 39 binturong
182 519 145 39 (Raffles,
346 519 92 38 1821)
453 529 53 21 are
520 519 103 39 rarely
637 519 229 37 encountered,
882 519 64 31 and
960 519 54 31 the

1 567 109 31 effects
142 567 39 31 of
208 567 131 39 logging
371 577 43 21 on
446 567 88 31 these
567 567 119 39 species
718 567 123 31 remain
872 567 140 31 unclear.

1 614 130 31 Overall
150 614 54 31 the
223 614 78 31 data
321 624 52 21 are
393 614 161 39 probably
573 614 193 31 insufficient
785 619 34 26 to
840 614 174 39 generalise

2 661 102 31 about
122 661 75 31 how
215 661 131 39 logging
366 661 111 31 affects
495 661 107 31 civets.
624 661 146 39 Logging
789 661 95 39 likely
903 661 111 31 affects

2 708 40 31 all
72 708 53 31 the
154 708 211 39 investigated
396 708 97 31 civets
523 708 189 39 negatively,
743 708 100 31 either
872 708 142 39 through

1 756 142 39 primary
158 766 37 21 or
209 756 179 39 secondary
402 756 119 37 effects,
536 756 59 31 but
609 756 63 30 this
686 756 102 39 might
803 756 68 31 also
886 756 127 39 depend

2 813 43 21 on
65 803 83 31 local
168 803 127 31 habitat
314 803 195 31 conditions:
532 813 18 21 a
570 803 194 39 plantation,
785 803 53 31 for
856 803 157 39 example,

1 850 102 39 might
120 850 39 31 be
175 850 191 31 favourable
383 850 53 31 for
451 850 97 31 civets
565 850 27 30 if
606 850 189 39 sufficiently
811 850 86 39 large
914 850 100 31 forest

1 897 124 39 refugia
142 907 52 21 are
212 897 170 31 accessible
399 897 131 39 nearby.

2 1039 158 39 Malayan
177 1049 60 21 sun
253 1039 78 31 bear

1 1134 105 39 Apart
126 1134 86 31 from
232 1144 18 21 a
270 1134 60 31 few
351 1134 91 31 small
462 1134 255 39 investigations,
738 1134 76 31 four
833 1134 181 39 significant

1 1181 73 31 field
92 1181 147 31 research
257 1181 120 31 studies
395 1181 134 31 focused
548 1191 43 21 on
609 1181 73 31 wild
701 1191 60 21 sun
778 1181 104 37 bears,
900 1181 113 31 Helar-

2 1234 67 25 ctos
87 1228 195 39 malayanus,
301 1228 32 30 in
352 1228 148 31 different
519 1228 100 31 forest
638 1228 64 31 and
721 1228 184 39 plantation
923 1233 91 34 types

2 1285 43 21 on
70 1276 128 30 Borneo
224 1275 133 39 (Augeri
381 1276 92 36 2001;
498 1276 151 30 Nomura
673 1276 92 36 2003;
789 1276 108 38 Wong
921 1276 92 36 2002;

0 1324 108 38 Wong
124 1328 31 26 et
171 1323 39 31 al.
228 1324 92 36 2002,
337 1323 106 38 2004).
461 1323 150 31 Another
627 1323 95 39 study
738 1323 120 31 looked
875 1323 68 31 into
960 1323 54 31 the

2 1380 59 21 sun
79 1370 78 31 bear
174 1370 91 31 trade
284 1370 175 39 (Meijaard
482 1371 88 36 1999,
589 1370 96 38 2001)
704 1370 64 31 and
786 1370 105 31 found
910 1380 103 21 corre-

1 1417 119 31 lations
135 1417 144 31 between
294 1417 53 31 the
363 1417 117 31 timber
494 1417 91 31 trade
601 1417 63 31 and
681 1417 104 39 illegal
800 1417 91 31 trade
906 1417 32 30 in
954 1427 60 21 sun

1 1464 78 31 bear
103 1464 227 39 gallbladders,
358 1464 184 39 suggesting
568 1474 18 21 a
611 1464 158 39 negative,
795 1464 59 31 but
879 1464 135 31 indirect

1 1512 121 39 impact
139 1512 39 31 of
190 1512 130 39 logging
338 1522 43 21 on
397 1512 88 31 these
502 1512 103 31 bears.

55 1559 90 31 Fruit
165 1559 196 39 availability
381 1559 64 31 and
464 1559 152 39 diversity
635 1569 53 21 are
707 1559 109 39 highly
835 1559 179 39 important

1 1606 52 31 for
79 1608 41 28 H.
149 1606 198 39 malayanusâ€™
372 1606 191 31 nutritional
591 1606 150 39 stability.
769 1607 108 38 Wong
905 1606 108 39 (2002)

2 1653 168 39 suggested
184 1653 70 31 that
267 1653 54 31 the
334 1663 84 29 poor
430 1653 145 39 physical
588 1653 169 31 condition
771 1653 64 31 and
849 1653 165 39 mortality

2 1701 38 31 of
61 1711 89 21 some
174 1701 93 31 bears
292 1701 157 31 observed
473 1701 33 30 in
530 1701 48 30 his
603 1701 95 39 study
722 1701 138 31 resulted
885 1701 87 31 from
996 1711 18 21 a

1 1748 180 39 prolonged
215 1748 77 31 fruit
326 1748 143 39 scarcity.
503 1748 117 31 Where
654 1748 187 31 alternative
874 1748 81 31 food
989 1748 25 30 is

2 1795 167 37 available,
193 1795 78 31 such
294 1805 34 21 as
350 1805 78 21 near
450 1805 41 21 an
514 1795 42 31 oil
578 1795 89 39 palm
688 1795 185 39 plantation
895 1795 64 31 and
982 1795 32 30 in

1 1842 86 39 large
104 1842 196 39 contiguous
318 1842 142 39 primary
477 1842 127 37 forests,
622 1842 94 31 bears
734 1852 52 21 are
804 1842 160 39 generally
982 1842 32 30 in

1 1890 87 39 good
119 1890 169 31 condition
318 1900 79 21 even
426 1890 116 39 during
571 1890 81 31 food
683 1890 167 39 shortages
880 1890 134 39 (Augeri

1 1938 92 36 2002;
111 1938 152 30 Nomura
280 1937 105 38 2003).
403 1937 106 31 When
526 1937 78 31 little
621 1937 77 31 fruit
715 1937 26 30 is
759 1937 167 37 available,
945 1947 68 29 spe-

1 1984 62 31 cies
82 1984 62 31 like
164 1986 41 28 H.
226 1984 186 39 malayanus
430 1984 62 31 will
512 1989 74 26 turn
606 1989 34 26 to
661 1984 93 31 other
772 1984 80 31 food
873 1994 140 27 sources,

1 2031 169 39 especially
189 2031 32 30 in
240 2031 92 31 small
350 2031 117 31 forests
485 2031 104 31 where
608 2031 61 39 key
687 2031 98 31 foods
803 2041 75 29 may
896 2031 40 31 be
954 2031 60 31 less

1 2079 123 31 diverse
138 2089 37 21 or
188 2079 180 37 abundant,
383 2079 144 39 obliging
540 2079 93 31 bears
646 2084 34 26 to
694 2079 112 39 forage
820 2079 127 31 outside
960 2079 54 31 the

1 2126 100 31 forest
114 2126 173 39 boundary
300 2126 134 39 (Augeri
447 2127 93 36 2004,
554 2127 30 30 S.
597 2126 162 31 Wulfraat
772 2136 81 29 pers.
868 2126 144 38 comm.).

2 2173 213 31 Fredriksson
244 2173 119 39 (2001),
391 2174 109 38 Wong
528 2173 109 39 (2002)
666 2173 63 31 and
758 2173 121 39 Augeri
907 2173 106 39 (2002,

1 2220 95 38 2003)
116 2225 77 26 note
212 2220 70 31 that
302 2220 188 31 alternative
509 2220 98 31 foods
627 2220 78 31 such
725 2230 34 21 as
779 2220 234 39 aboveground

1 2267 125 31 termite
143 2267 154 37 colonies,
315 2267 128 37 beetles,
461 2267 58 31 bee
536 2267 98 37 hives,
653 2267 63 31 and
735 2272 71 26 ants
824 2277 52 21 are
893 2267 120 39 impor-

1 2320 70 26 tant
87 2315 150 39 foraging
254 2325 164 21 resources
435 2315 52 31 for
504 2325 59 21 sun
580 2315 102 31 bears.

54 2362 121 39 Augeri
195 2362 109 39 (2003)
324 2362 99 31 noted
444 2372 18 21 a
482 2362 214 39 significantly
715 2362 113 39 higher
846 2362 113 39 degree
980 2362 38 31 of

1 2409 78 31 bear
96 2409 127 31 habitat
241 2419 56 21 use
316 2409 32 30 in
368 2409 100 37 older,
488 2419 90 21 more
597 2409 256 39 heterogeneous
872 2409 142 39 primary

1 2456 125 31 forests.
150 2456 140 37 Overall,
313 2456 40 31 he
374 2456 104 31 found
502 2456 181 39 significant
704 2456 137 39 positive
863 2456 150 31 relation-

2 2504 87 39 ships
106 2504 144 31 between
267 2504 77 31 bear
360 2504 127 31 habitat
503 2514 55 21 use
576 2504 64 31 and
657 2504 113 39 higher
785 2504 95 31 levels
898 2504 38 31 of
949 2504 64 31 for-

2 2561 57 29 age
74 2551 161 39 diversity,
251 2561 128 29 canopy
394 2561 105 27 cover,
515 2551 127 39 ground
658 2561 105 27 cover,
779 2561 114 29 escape
907 2561 106 27 cover,

2 2598 63 31 and
89 2598 53 31 the
164 2598 254 39 predominance
441 2598 39 31 of
498 2598 96 39 large,
618 2603 125 26 mature
766 2598 133 39 fruiting
921 2603 91 26 trees.

2 2646 96 30 More
115 2645 147 31 research
279 2645 25 30 is
321 2645 134 37 needed,
473 2645 58 31 but
548 2650 128 26 current
693 2645 78 31 data
787 2645 140 31 indicate
944 2645 70 31 that

1 2693 130 31 various
156 2693 130 39 logging
311 2693 155 39 practices
492 2693 94 31 affect
611 2703 60 21 sun
695 2693 78 31 bear
796 2693 127 31 habitat
947 2703 66 27 use,

1 2740 150 39 foraging
170 2745 144 34 patterns
335 2740 63 31 and
419 2740 203 39 persistence,
643 2740 207 39 particularly
869 2740 33 30 in
922 2740 92 31 small

1065 10 37 21 or
1120 0 136 31 isolated
1277 0 100 31 forest
1397 0 132 39 patches
1550 0 63 31 and
1634 10 148 21 reserves.
1805 1 113 30 Forest
1938 0 139 39 clearing

1064 57 60 21 can
1138 47 75 39 play
1228 57 41 21 an
1283 47 189 39 important,
1488 47 64 31 and
1567 47 195 37 sometimes,
1777 47 173 31 dominant
1964 47 67 31 role
2045 47 32 30 in

1064 94 53 31 the
1146 94 177 39 ecological
1352 94 168 39 dynamics
1549 94 39 31 of
1613 94 133 31 interior
1774 94 101 31 forest
1904 94 64 31 and
1998 94 79 39 edge

1064 141 237 37 communities,
1327 141 207 39 particularly
1558 141 33 30 in
1616 141 91 31 small
1732 141 100 31 forest
1857 141 148 31 â€œislandâ€
2031 151 45 21 re-

1065 199 103 21 serves
1183 189 64 31 and
1262 189 93 31 those
1369 189 76 31 with
1461 199 18 21 a
1493 189 193 31 substantial
1700 189 177 39 edgeâ€”area
1891 189 93 31 ratio.
2000 189 77 30 This

1064 246 60 21 can
1149 236 94 31 affect
1267 246 60 21 sun
1350 236 93 31 bears
1467 236 42 39 by
1533 236 45 39 (1)
1602 236 189 39 preventing
1815 246 106 21 access
1944 241 34 26 to
2002 246 74 29 pro-

1064 283 128 31 ductive
1220 283 112 39 forage
1362 293 100 27 areas,
1493 283 45 39 (2)
1568 283 153 39 reducing
1750 283 53 31 the
1832 283 151 39 diversity
2013 283 63 31 and

1065 330 192 31 abundance
1275 330 38 31 of
1325 330 61 39 key
1402 340 175 27 resources,
1596 330 45 39 (3)
1658 330 207 39 intensifying
1883 340 37 21 or
1935 330 142 39 creating

1064 378 143 39 drought
1234 378 109 31 effects
1371 378 64 31 and
1464 378 134 39 altering
1625 378 83 31 local
1737 378 63 31 and
1829 378 143 39 regional
2000 378 77 31 fruit

1064 425 229 39 productivity,
1330 425 207 39 availability,
1575 425 63 31 and
1674 425 219 37 distribution,
1931 425 63 31 and
2031 425 45 39 (4)

1064 472 179 39 increasing
1260 482 106 21 access
1383 472 52 31 for
1450 472 142 31 hunters.

1065 614 180 39 Ungulates

1065 708 180 39 Ungulates
1266 718 52 21 are
1338 708 161 39 generally
1518 708 97 31 much
1636 708 217 39 sought-after
1871 708 43 39 by
1933 708 143 37 hunters,

1065 756 63 31 and
1154 756 120 31 studies
1297 756 69 31 into
1391 756 131 39 logging
1545 756 137 39 impacts
1706 756 80 31 need
1811 761 34 26 to
1870 756 149 31 consider
2042 761 34 26 to

1064 803 86 31 what
1170 808 108 26 extent
1297 803 139 39 changes
1456 803 33 30 in
1508 803 138 39 hunting
1665 813 147 29 pressure
1831 803 123 39 change
1974 813 102 29 ungu-

1064 850 62 31 late
1146 850 135 39 density.
1304 850 85 31 Such
1409 850 214 31 information
1643 850 36 37 is,
1700 850 159 37 however,
1880 855 58 26 not
1959 850 118 39 always

1064 897 201 37 considered,
1281 897 133 39 making
1430 897 77 31 data
1523 897 247 39 interpretation
1785 897 144 31 difficult.
1947 897 130 31 Overall

1064 945 23 30 it
1111 955 137 29 appears
1271 945 71 31 that
1364 945 54 31 the
1441 945 186 31 herbivores
1652 955 120 29 among
1795 945 88 31 these
1907 945 170 39 ungulates

1064 992 119 31 benefit
1196 992 87 31 from
1296 992 222 39 post-logging
1531 992 196 37 conditions,
1742 992 142 31 whereas
1898 992 179 39 frugivores

1065 1049 52 21 are
1134 1039 179 39 negatively
1331 1039 135 31 affected
1484 1039 114 39 (Table
1614 1039 42 38 2).

1118 1086 211 31 Mouse-deer
1360 1086 168 39 (Tragulus
1559 1086 84 39 spp.)
1676 1086 178 39 selectively
1884 1086 71 31 feed
1986 1096 91 29 upon

1064 1134 97 31 fallen
1173 1134 77 31 fruit
1261 1134 87 31 from
1359 1144 18 21 a
1389 1134 81 31 wide
1481 1144 98 29 range
1592 1134 38 31 of
1638 1134 130 39 species,
1780 1134 179 39 remaining
1971 1134 32 30 in
2015 1144 62 21 one

1064 1181 184 39 vegetation
1261 1186 74 34 type
1349 1181 64 31 and
1427 1181 32 30 in
1473 1191 61 21 one
1548 1181 92 31 small
1653 1181 97 31 home
1763 1191 98 29 range
1874 1181 203 39 throughout

1064 1228 53 31 the
1134 1238 85 29 year.
1239 1228 85 31 Both
1346 1228 151 39 Tragulus
1514 1228 119 39 species
1651 1228 182 39 frequently
1850 1228 71 31 feed
1940 1238 43 21 on
2000 1228 77 31 fruit

1064 1275 111 39 falling
1190 1275 87 31 from
1291 1275 59 39 figs
1365 1275 105 39 (Ficus
1485 1275 84 39 spp.)
1586 1275 155 39 (Heydon
1757 1275 63 31 and
1837 1275 117 31 Bulloh
1973 1275 103 38 1997),

1065 1323 158 39 although
1240 1323 75 39 they
1334 1323 68 31 also
1421 1323 71 31 feed
1512 1333 43 21 on
1574 1323 93 31 other
1684 1323 98 31 foods
1801 1323 64 39 (see
1884 1323 192 39 Matsubay-

1065 1370 68 31 ashi
1149 1375 30 26 et
1196 1370 38 31 al.
1252 1370 105 38 2003).
1376 1370 185 39 Ecological
1576 1370 254 31 characteristics
1846 1370 64 31 and
1926 1370 150 31 distribu-

1064 1417 70 31 tion
1151 1427 114 29 ranges
1284 1422 128 34 suggest
1429 1417 70 31 that
1521 1419 31 28 T.
1572 1417 127 31 kanchil
1715 1417 144 39 (Raffles,
1882 1417 92 38 1821)
1992 1417 26 30 is
2036 1427 41 21 an

1064 1464 209 39 ecologically
1290 1474 90 21 more
1398 1464 174 39 adaptable
1590 1464 120 39 species
1727 1464 79 31 than
1827 1466 31 28 T.
1877 1475 83 28 napu
1978 1464 98 39 (Cha-

1065 1522 65 27 sen,
1156 1512 103 38 1940),
1281 1512 77 31 with
1379 1512 53 31 the
1454 1512 121 31 former
1597 1512 119 39 species
1739 1512 168 39 occurring
1928 1512 33 30 in
1982 1512 94 37 drier,

1064 1569 90 21 more
1168 1569 85 29 open
1266 1559 116 31 forests
1395 1559 33 30 in
1440 1559 172 37 Thailand,
1626 1559 196 37 Cambodia,
1837 1559 64 31 and
1914 1559 162 37 Vietnam,

1064 1606 92 31 while
1172 1606 53 31 the
1240 1606 94 31 latter
1349 1606 25 30 is
1389 1606 164 31 restricted
1569 1611 35 26 to
1620 1606 53 31 the
1688 1611 61 26 wet
1764 1606 121 39 tropics
1901 1606 175 39 (Meijaard

1065 1653 63 31 and
1156 1653 127 31 Groves
1309 1653 106 38 2004).
1443 1653 142 39 Heydon
1612 1653 64 31 and
1704 1653 145 31 Bullohâ€™s
1876 1653 109 39 (1997)
2013 1653 63 31 and

1064 1701 121 31 Davies
1202 1706 31 26 et
1251 1701 69 31 al.â€™s
1338 1701 109 39 (2001)
1465 1701 78 31 data
1561 1711 85 21 seem
1664 1706 34 26 to
1717 1706 137 34 support
1872 1701 73 37 this,
1964 1701 76 31 with
2059 1711 18 21 a

1064 1748 150 39 reported
1232 1749 141 30 55-66%
1391 1748 149 31 decrease
1555 1748 33 30 in
1607 1750 31 28 T.
1649 1750 166 37 javanicus
1830 1748 45 39 (=
1890 1750 31 28 T.
1938 1748 138 38 kanchil)

1064 1795 151 31 densities
1235 1795 63 31 and
1320 1805 18 21 a
1358 1796 141 30 71-90%
1522 1795 125 39 density
1667 1795 148 31 decrease
1835 1795 32 30 in
1891 1797 31 28 T.
1943 1806 83 28 napu
2045 1795 32 30 in

1065 1842 178 39 selectively
1255 1842 116 39 logged
1385 1842 111 37 forest,
1509 1842 176 39 compared
1699 1842 77 31 with
1789 1842 162 39 unlogged
1965 1842 110 31 forest.

1117 1890 142 39 Heydon
1278 1890 108 39 (1994)
1406 1890 168 39 suggested
1592 1890 71 31 that
1680 1890 54 31 the
1753 1890 140 39 obligate
1911 1890 166 39 frugivory

1065 1937 38 31 of
1123 1937 206 31 mouse-deer
1352 1937 122 31 limited
1500 1937 82 31 their
1606 1937 111 39 ability
1741 1942 34 26 to
1801 1942 209 34 compensate
2035 1937 42 39 by

1064 1984 172 39 browsing.
1273 1985 171 36 However,
1479 1984 32 30 in
1545 1984 187 39 peninsular
1767 1984 172 39 Malaysia,
1975 1984 102 31 Johns

1065 2031 109 39 (1997)
1188 2031 156 31 observed
1359 2041 18 21 a
1389 2031 104 39 larger
1506 2031 213 39 adaptability
1732 2036 34 26 to
1780 2031 154 31 modified
1949 2031 73 31 sites
2035 2031 42 39 by

1064 2079 205 31 mouse-deer
1289 2079 64 31 and
1373 2079 104 31 found
1502 2079 152 39 Tragulus
1674 2089 68 29 spp.
1764 2084 34 26 to
1819 2079 39 31 be
1878 2089 91 21 more
1989 2089 87 21 com-

1064 2136 79 21 mon
1169 2126 33 30 in
1228 2126 115 39 logged
1371 2126 116 31 forests
1514 2126 79 31 than
1619 2126 33 30 in
1678 2131 126 26 mature
1830 2126 126 31 forests.
1984 2126 92 37 Also,

1065 2173 144 31 Laidlaw
1230 2173 109 39 (2000)
1360 2173 158 39 regularly
1538 2173 218 31 encountered
1781 2173 152 39 Tragulus
1953 2183 69 29 spp.
2045 2173 32 30 in

1064 2225 65 26 tree
1147 2220 201 39 plantations
1367 2220 64 31 and
1450 2220 84 31 bush
1552 2220 76 31 land
1647 2220 33 30 in
1698 2220 187 39 peninsular
1904 2220 171 39 Malaysia.

1064 2268 67 31 The
1159 2278 56 21 use
1245 2268 38 31 of
1307 2268 166 31 disturbed
1502 2268 143 31 habitats
1673 2268 42 39 by
1747 2270 31 28 7.
1790 2270 166 37 javanicus
1985 2268 90 39 (=T.

1064 2315 138 38 kanchil)
1223 2325 65 21 was
1309 2315 178 31 confirmed
1508 2315 42 39 by
1571 2315 251 39 Matsubayashi
1843 2320 30 26 et
1894 2315 39 31 al.
1956 2315 120 39 (2003),

1064 2362 73 31 who
1155 2362 104 31 found
1277 2362 71 31 that
1365 2362 32 30 in
1415 2362 119 37 Sabah,
1552 2362 206 31 mouse-deer
1774 2362 165 39 primarily
1956 2362 71 31 feed
2045 2362 32 30 in

1064 2419 189 29 crown-gap
1272 2419 90 21 areas
1381 2409 190 31 dominated
1590 2409 42 39 by
1650 2409 146 31 bamboo
1817 2409 121 37 stands,
1958 2409 118 39 proba-

1064 2456 53 39 bly
1142 2456 138 31 because
1305 2456 74 39 they
1405 2456 105 39 prefer
1534 2456 93 31 fruits
1654 2456 63 31 and
1743 2456 53 31 the
1823 2456 64 31 soft
1912 2456 105 31 leaves
2043 2456 38 31 of

1064 2504 133 39 pioneer
1216 2504 108 39 plants
1344 2504 77 31 with
1441 2504 98 31 lower
1559 2504 263 31 concentrations
1843 2504 39 31 of
1899 2504 178 39 secondary

1064 2551 214 31 metabolites.
1300 2552 66 30 For
1383 2551 208 39 frugivorous
1611 2551 147 37 animals,
1778 2551 88 31 these
1885 2561 110 21 crown
2014 2561 63 29 gap

1065 2608 90 21 areas
1183 2608 52 21 are
1262 2598 88 39 good
1378 2598 150 39 foraging
1555 2598 74 31 sites
1655 2598 138 31 because
1820 2608 98 29 many
1945 2598 133 39 pioneer

1064 2645 107 39 plants
1191 2645 32 30 in
1243 2655 63 29 gap
1328 2655 90 21 areas
1437 2645 145 39 produce
1602 2645 77 31 fruit
1700 2645 119 31 several
1839 2645 93 31 times
1953 2655 18 21 a
1991 2655 85 29 year,

1064 2693 142 31 whereas
1227 2698 86 26 most
1334 2693 116 31 climax
1472 2693 119 39 species
1612 2693 32 30 in
1665 2698 126 26 mature
1812 2693 100 31 forest
1933 2693 144 39 produce

1064 2740 77 31 fruit
1158 2750 80 21 once
1256 2750 18 21 a
1290 2750 76 29 year
1382 2750 38 21 or
1435 2740 60 31 less
1512 2740 194 39 (Whitmore
1724 2740 64 31 and
1806 2740 146 31 Burslem
1972 2740 102 38 1998).
