2082 2779
2 0 201 39 knowledge’
222 0 25 30 1s
265 5 59 26 not
342 10 41 21 an
401 10 113 21 excuse
532 0 53 31 for
601 0 54 31 the
672 0 188 39 prevalence
879 0 39 31 of
931 10 85 29 poor

2 47 155 39 practices
183 47 32 30 in
241 47 100 31 forest
366 52 238 34 management.
633 47 84 31 Sheil
744 47 63 31 and
834 57 63 21 van
922 47 93 31 Heist

3 94 109 39 (2000)
130 94 164 39 proposed
313 94 71 31 that
402 104 18 21 a
438 94 223 31 considerable
679 94 89 39 body
787 94 38 31 of
839 94 176 39 ecological

2 142 214 31 information
241 142 142 31 relevant
408 147 34 26 to
468 142 175 39 managing
667 142 138 39 tropical
829 142 117 31 forests
972 142 42 31 al-

2 189 98 39 ready
112 189 106 37 exists,
232 199 79 21 even
323 189 126 39 though
462 189 23 30 it
498 189 25 30 is
535 189 79 31 little
627 189 78 31 used
718 189 32 30 in
763 189 148 39 practice.
926 189 89 39 They

3 236 119 39 argued
149 236 70 31 that
245 236 184 39 improving
454 236 53 31 the
534 241 102 26 status
661 246 67 29 quo
755 236 108 31 would
890 236 125 39 require

2 283 180 39 pragmatic
204 283 239 31 collaboration
466 283 144 31 between
633 283 171 39 ecologists
828 283 63 31 and
915 283 100 31 forest

2 341 179 29 managers.
209 331 30 30 A
266 336 107 26 recent
399 331 113 31 review
539 331 64 31 and
631 331 157 39 synthesis
815 341 43 21 on
884 331 131 39 logging

2 378 137 39 impacts
160 388 44 21 on
225 379 151 30 Bornean
396 378 195 31 vertebrates
613 378 175 39 (Meijaard
809 383 31 26 et
860 378 39 31 al.
922 379 92 36 2005;

3 425 84 31 Sheil
104 425 64 31 and
186 425 160 39 Meijaard
363 425 96 38 2005)
475 425 26 30 is
517 435 62 21 one
595 430 200 34 component
811 425 32 30 in
859 425 105 39 trying
980 430 34 26 to

3 472 129 31 achieve
148 472 63 30 this
228 472 249 31 collaboration.

56 520 103 31 Based
181 530 43 21 on
244 520 82 31 their
345 520 150 39 findings,
517 520 161 39 Meijaard
699 525 30 26 et
750 520 38 31 al.
811 520 109 39 (2005)
941 530 73 29 pro-

2 567 94 31 vided
114 567 319 31 recommendations
450 572 34 26 to
502 567 88 31 three
607 567 88 31 main
712 572 103 34 target
833 567 180 31 audiences:

2 614 117 31 timber
141 614 284 37 concessionaires,
450 619 222 34 government,
698 614 63 31 and
785 614 54 31 the
863 614 153 31 scientific

2 661 211 39 community.
233 661 77 30 This
328 671 101 29 paper
446 671 90 21 more
555 661 192 39 specifically
766 661 166 31 addresses
950 671 64 21 rec-

3 708 264 31 ommendations
281 713 34 26 to
329 708 117 31 timber
459 708 284 37 concessionaires,
758 708 169 39 especially
940 708 75 31 how

2 761 228 34 management
247 756 140 39 changes
403 766 61 21 can
481 756 71 31 lead
569 761 34 26 to
621 756 214 39 maintaining
852 756 76 39 high
945 756 69 31 bio-

2 803 151 39 diversity
178 803 109 31 values
312 803 32 30 in
369 803 131 39 logging
524 803 216 31 concessions.
768 804 36 29 In
830 803 184 37 Indonesia,

3 850 63 31 and
93 850 67 31 also
187 850 173 39 Malaysia,
386 850 78 31 such
489 850 214 31 information
727 850 26 30 is
777 850 118 39 timely.
922 850 94 31 After

3 897 120 31 several
141 897 138 31 decades
298 897 39 31 of
352 897 307 39 over-exploitation
678 897 39 31 of
731 897 137 39 tropical
887 897 127 37 forests,

2 945 53 31 the
75 945 170 31 economic
263 945 67 31 role
350 945 39 31 of
404 945 53 31 the
476 945 138 39 forestry
633 945 147 39 industry
799 945 25 30 is
844 945 170 39 declining,

2 992 92 31 while
111 992 184 31 non-forest
312 992 75 31 land
405 1002 82 27 uses,
506 992 78 31 such
602 1002 34 21 as
653 992 43 31 oil
712 992 89 39 palm
818 992 64 31 and
899 992 117 31 timber

2 1039 211 39 plantations,
243 1039 203 39 agriculture,
477 1039 63 31 and
570 1039 123 39 mining
722 1049 53 21 are
803 1039 212 39 increasingly

2 1086 189 39 important.
213 1087 59 30 We
294 1086 80 31 need
397 1091 34 26 to
454 1086 90 31 show
566 1086 71 31 that
659 1086 196 31 sustainable
877 1086 138 39 forestry

2 1144 60 21 can
76 1134 95 31 make
186 1144 41 21 an
241 1134 179 39 important
434 1134 223 31 contribution
671 1139 34 26 to
720 1134 53 31 the
787 1134 228 31 conservation

3 1181 38 31 of
56 1181 117 31 forests
193 1181 64 31 and
278 1181 128 39 species.
428 1182 71 30 Our
517 1186 128 34 present
665 1181 114 31 review
798 1181 151 39 provides
969 1181 45 30 in-

3 1228 99 39 sights
125 1238 43 21 on
191 1228 86 31 what
299 1228 176 39 particular
497 1233 125 34 aspects
645 1228 38 31 of
701 1228 130 39 logging
854 1238 53 21 are
929 1233 86 26 most

2 1275 179 39 negatively
206 1275 150 39 affecting
381 1276 157 30 Borneo’s
563 1275 181 31 mammals.
771 1276 66 30 For
859 1275 155 37 instance,

2 1323 53 31 the
74 1323 144 31 removal
238 1323 38 31 of
291 1333 74 29 very
384 1323 86 39 large
489 1328 81 26 trees
589 1323 58 31 has
667 1333 18 21 a
703 1323 312 39 disproportionally

2 1370 147 39 negative
180 1370 93 31 effect
305 1380 43 21 on
379 1370 176 39 particular
586 1370 130 39 species,
749 1380 34 21 as
814 1370 69 31 well
915 1370 100 31 forest

2 1417 233 39 regeneration.
257 1418 81 30 New
359 1417 135 39 insights
515 1417 74 39 help
609 1417 137 39 develop
767 1417 176 39 guidelines
964 1417 52 31 for

3 1464 119 39 species
136 1464 228 31 conservation
378 1464 32 30 in
423 1464 198 39 production
635 1464 148 39 forestry,
798 1464 104 31 which
916 1464 32 30 in
961 1464 54 31 the

3 1512 104 31 above
133 1512 147 39 example
306 1512 108 31 would
442 1512 39 31 be
507 1517 34 26 to
569 1517 46 26 set
642 1522 18 21 a
686 1512 180 31 maximum
892 1512 123 39 cutting

2 1559 164 31 diameter.

55 1606 170 39 Although
242 1611 87 26 most
347 1606 38 31 of
399 1616 60 21 our
476 1606 146 31 research
639 1606 134 31 focused
792 1616 44 21 on
854 1607 76 30 East
949 1607 65 30 Ka-

2 1653 158 31 limantan
182 1653 156 31 Province
360 1653 33 30 in
416 1653 197 31 Indonesian
636 1654 140 36 Borneo,
799 1653 54 31 the
875 1653 140 39 findings

3 1701 63 31 and
81 1701 319 31 recommendations
413 1701 169 39 presented
597 1701 32 30 in
643 1701 63 30 this
720 1711 101 29 paper
835 1711 52 21 are
901 1701 114 39 widely

2 1748 142 31 relevant
166 1753 34 26 to
222 1753 229 34 management
473 1748 32 30 in
528 1748 40 31 all
591 1749 151 30 Bornean
765 1748 63 31 and
852 1748 93 31 other
967 1749 48 30 SE

2 1795 102 31 Asian
121 1795 198 31 rainforests.

3 1935 180 39 Predicting
196 1935 167 33 tolerance
377 1936 36 32 to
430 1935 127 39 logging

2 2031 225 39 Determining
250 2031 54 31 the
327 2031 216 31 mechanisms
566 2031 42 39 by
631 2031 105 31 which
759 2031 138 39 forestry
920 2031 94 31 inter-

2 2079 149 31 ventions
170 2079 94 31 affect
282 2079 129 31 wildlife
430 2079 25 30 is
474 2079 90 31 often
582 2079 145 37 difficult,
746 2079 207 39 particularly
971 2079 43 39 gi-

2 2136 60 21 ven
96 2126 53 31 the
183 2126 149 39 complex
365 2126 209 31 interactions
609 2126 63 31 and
707 2126 53 31 the
794 2126 155 39 difficulty
983 2126 32 30 in

2 2173 226 39 investigating
245 2178 86 26 most
349 2173 119 39 species
486 2173 156 39 (Bernard
660 2173 106 38 2004).
785 2174 73 36 Yet,
876 2173 138 39 ecologi-

2 2220 48 31 cal
64 2220 119 31 studies
196 2220 74 39 help
282 2220 177 31 determine
472 2230 18 21 a
502 2230 98 29 range
613 2220 39 31 of
661 2220 106 31 actual
780 2220 64 31 and
857 2220 158 39 potential

2 2268 121 31 factors
153 2268 71 31 that
254 2278 75 29 may
359 2268 157 31 influence
547 2268 181 31 functional
760 2278 37 21 or
826 2268 190 31 taxonomic

2 2315 155 31 mammal
175 2325 121 29 groups
314 2315 103 31 under
434 2315 175 39 particular
626 2315 100 31 forest
744 2315 207 31 disturbance
969 2325 45 21 re-

2 2362 109 39 gimes.
125 2362 30 30 A
168 2362 116 39 clearly
297 2362 120 39 argued
431 2367 139 26 account
583 2362 39 31 of
630 2362 53 31 the
696 2362 130 31 various
839 2362 176 39 ecological

2 2409 113 31 details
145 2409 71 31 that
245 2409 103 39 might
377 2409 39 31 be
447 2409 173 31 addressed
650 2409 33 30 in
712 2409 88 39 good
831 2409 184 39 harvesting

2 2456 155 39 practices
180 2456 108 31 would
312 2456 74 39 help
408 2456 33 30 in
463 2456 193 39 developing
679 2466 90 21 more
792 2456 222 39 biodiversity-

2 2504 137 39 friendly
156 2504 131 39 logging
304 2504 186 39 guidelines.
510 2504 139 31 Current
666 2504 205 39 perceptions
889 2504 38 31 of
941 2514 73 29 sup-

2 2551 101 39 posed
123 2551 87 39 good
230 2556 228 34 management
478 2561 52 21 are
549 2551 215 39 preoccupied
783 2551 77 31 with
879 2551 135 31 silvicul-

2 2598 83 31 tural
111 2598 130 39 (timber
265 2598 211 39 production)
501 2598 156 39 practices
682 2598 63 31 and
772 2598 243 31 socio-cultural

2 2645 100 31 issues
121 2645 71 39 (e.g.
214 2645 78 31 FSC
311 2645 106 38 2004).
437 2646 74 36 Yet,
530 2655 99 29 many
647 2645 176 39 ecological
843 2645 63 31 and
926 2650 88 26 taxa-

2 2693 129 31 centred
146 2693 130 37 studies,
291 2703 79 21 even
384 2693 93 31 when
490 2698 59 26 not
563 2693 188 39 addressing
764 2693 101 31 forest
878 2693 137 39 impacts

2 2740 143 39 directly,
174 2740 133 31 contain
335 2740 143 31 relevant
506 2740 214 31 information
750 2740 102 31 about
880 2740 53 31 the
962 2740 53 31 life

1065 0 124 39 history
1208 0 64 31 and
1292 0 126 31 habitat
1437 0 232 39 requirements
1689 0 39 31 of
1742 0 191 39 potentially
1952 0 125 31 vulner-

1066 47 71 31 able
1165 52 84 26 taxa.
1279 47 30 30 A
1337 47 145 39 growing
1510 47 89 39 body
1628 47 38 31 of
1690 47 176 39 ecological
1895 47 120 31 studies
2044 47 38 31 of

1065 94 179 31 individual
1262 94 119 39 species
1399 94 157 31 identifies
1574 94 141 39 possible
1732 94 140 39 changes
1889 94 33 30 in
1939 94 138 39 feeding,

1065 142 135 39 ranging
1218 152 37 21 or
1272 142 94 31 other
1381 142 181 31 behaviour
1578 142 167 39 following
1762 142 141 39 logging,
1922 142 64 31 and
2003 142 75 31 how

1065 189 88 31 these
1183 189 140 39 changes
1354 199 74 29 may
1460 189 94 31 affect
1584 189 196 39 population
1810 189 149 39 changes.
1993 189 85 31 Such

1065 236 214 31 information
1297 236 25 30 is
1340 236 105 31 useful
1463 236 52 31 for
1532 236 133 39 guiding
1683 236 138 39 forestry
1840 236 155 31 activities
2014 236 63 31 and

1065 283 124 31 further
1209 283 220 39 supplements
1449 283 119 31 studies
1588 283 184 39 examining
1791 283 131 39 logging
1941 283 137 39 impacts

1066 340 43 21 on
1129 330 126 39 density
1276 330 63 31 and
1360 330 219 31 distribution.
1601 331 171 36 However,
1793 330 137 31 because
1952 330 127 39 specific

1065 378 77 31 data
1163 388 52 21 are
1236 378 38 31 of
1290 378 121 31 limited
1432 378 93 31 value
1545 378 52 31 for
1616 378 196 39 generalised
1833 378 160 31 decisions
2014 378 63 31 and

1066 425 90 31 often
1174 430 58 26 not
1250 425 177 31 consistent
1446 435 77 21 over
1541 435 18 21 a
1576 425 104 39 larger
1697 435 97 29 range
1813 425 39 31 of
1866 425 120 39 species
2005 425 71 39 (e.g.

1065 472 66 30 Hill
1150 472 64 31 and
1232 473 124 30 Hamer
1373 472 106 38 2004),
1498 472 252 39 categorisation
1768 472 64 31 and
1850 472 228 31 classification

1065 519 69 31 into
1153 519 103 39 larger
1273 529 122 29 groups
1413 519 76 31 with
1508 519 175 39 particular
1700 529 170 29 responses
1889 529 53 21 are
1960 519 118 31 crucial

1065 572 34 26 to
1114 567 245 39 incorporating
1373 567 176 39 ecological
1563 567 78 31 data
1655 567 68 31 into
1738 567 118 31 timber
1869 567 207 39 production.

1119 614 160 39 Meijaard
1301 619 30 26 et
1352 614 39 31 al.
1414 614 108 39 (2005)
1543 614 162 39 compiled
1726 614 53 31 the
1800 614 158 31 available
1978 614 99 31 infor-

1065 661 126 31 mation
1221 671 43 21 on
1293 661 187 39 ecological,
1510 661 237 39 evolutionary,
1778 661 64 31 and
1872 661 53 31 life
1955 661 123 39 history

1065 708 158 31 variables
1238 708 39 31 of
1288 709 150 30 Bornean
1453 708 181 31 mammals.
1651 709 37 29 In
1702 708 70 31 that
1787 708 105 39 study,
1908 718 57 27 we,
1981 708 97 39 along

1065 756 77 31 with
1160 766 99 29 many
1277 756 192 39 colleagues,
1489 756 68 30 first
1576 756 154 31 reviewed
1750 756 54 31 the
1824 756 152 31 scientific
1994 756 83 31 liter-

1066 808 89 26 ature
1169 803 52 31 for
1233 803 177 31 references
1423 808 34 26 to
1471 803 54 31 the
1538 803 135 39 ecology
1687 803 64 31 and
1765 803 128 31 natural
1906 803 124 39 history
2044 803 38 31 of

1066 860 18 21 a
1112 850 134 31 selected
1275 850 138 31 number
1440 850 39 31 of
1503 851 157 30 Borneo’s
1687 850 208 31 best-known
1922 850 156 31 mammal

1066 897 128 39 species.
1218 898 59 30 We
1301 897 68 31 also
1392 897 161 39 compiled
1577 897 214 31 information
1815 907 43 21 on
1881 897 53 31 the
1957 897 121 31 factors

1065 945 70 31 that
1153 955 75 29 may
1246 945 176 31 determine
1440 945 226 39 vulnerability
1684 945 52 31 for
1753 945 79 31 each
1850 950 110 26 taxon.
1982 946 96 30 Some

1066 992 169 31 attributes
1254 992 70 31 that
1342 1002 75 29 may
1436 992 74 39 help
1528 992 128 39 explain
1675 992 349 39 vulnerability—such
2044 1002 34 21 as

1065 1039 234 39 physiological
1319 1039 320 31 tolerances—could
1660 1044 58 26 not
1737 1039 40 31 be
1796 1039 199 31 determined
2015 1039 63 31 due

1065 1091 34 26 to
1117 1086 72 31 lack
1207 1086 38 31 of
1258 1086 223 31 information.
1501 1086 102 31 These
1620 1086 230 39 compilations
1868 1086 64 31 and
1951 1086 126 39 synthe-

1066 1144 58 27 ses,
1146 1134 144 39 updated
1312 1134 76 31 with
1410 1144 18 21 a
1449 1134 137 31 handful
1609 1134 38 31 of
1664 1144 90 21 more
1775 1139 107 26 recent
1903 1134 88 37 data,
2014 1134 63 31 and

1065 1181 161 31 bolstered
1241 1181 43 39 by
1297 1181 135 39 insights
1446 1181 87 31 from
1547 1181 120 31 studies
1681 1181 32 30 in
1728 1181 93 31 other
1834 1181 128 39 regions
1977 1181 38 31 of
2024 1181 54 31 the

1065 1228 113 37 world,
1197 1228 94 31 allow
1309 1238 37 21 us
1363 1233 34 26 to
1415 1228 89 31 draw
1521 1228 128 39 general
1666 1228 207 31 conclusions
1891 1228 102 31 about
2011 1228 66 39 log-

1065 1275 75 39 ging
1157 1275 63 31 and
1238 1275 129 31 wildlife
1384 1275 32 30 in
1434 1276 138 30 Borneo.

1066 1415 169 33 Mammals
1252 1415 30 32 in
1300 1415 112 39 logged
1428 1415 104 33 forest
1548 1424 41 24 on
1607 1415 211 33 Borneo—an
1835 1415 150 33 overview

1065 1512 67 31 The
1150 1512 109 31 effects
1277 1512 39 31 of
1329 1512 131 39 logging
1478 1522 43 21 on
1540 1513 151 30 Bornean
1708 1512 172 31 mammals
1898 1512 81 31 have
1997 1512 81 31 been

1065 1559 211 39 investigated
1302 1559 52 31 for
1378 1559 164 39 primates,
1567 1559 197 31 non-volant
1789 1559 92 31 small
1906 1559 172 31 mammals

1066 1606 78 31 such
1165 1616 34 21 as
1220 1611 64 26 tree
1306 1606 118 31 shrews
1445 1606 64 31 and
1530 1606 143 37 rodents,
1696 1606 92 31 small
1808 1606 184 31 carnivores
2014 1606 63 31 and

1065 1653 180 39 ungulates,
1268 1653 58 31 but
1347 1653 54 31 the
1422 1653 151 39 intensity
1596 1653 63 31 and
1681 1653 124 39 quality
1827 1653 38 31 of
1882 1653 54 31 the
1958 1653 120 31 studies

1065 1711 86 29 vary.
1174 1702 121 36 Hence,
1317 1701 53 31 the
1390 1701 286 39 logging-induced
1697 1701 188 31 differences
1905 1701 32 30 in
1959 1701 119 39 species

1065 1748 125 39 density
1204 1758 53 21 are
1270 1748 228 39 incompletely
1510 1748 122 31 known
1645 1748 52 31 for
1709 1753 86 26 most
1809 1748 130 39 species,
1954 1748 64 31 and
2032 1758 46 21 we

1065 1800 86 26 must
1172 1795 94 31 focus
1288 1805 43 21 on
1353 1795 128 39 general
1502 1795 119 31 trends.
1644 1795 105 31 While
1772 1805 89 21 some
1883 1795 120 39 species
2025 1805 53 21 are

1065 1842 69 31 well
1148 1842 222 39 investigated,
1385 1842 77 31 data
1475 1842 53 31 for
1541 1842 109 31 others
1664 1852 52 21 are
1731 1842 76 39 only
1821 1842 157 31 available
1992 1842 86 31 from

1066 1900 18 21 a
1098 1890 60 31 few
1173 1890 189 31 short-term
1376 1890 129 31 studies.
1522 1890 48 31 Of
1580 1890 54 31 the
1648 1890 156 31 mammal
1819 1890 119 39 species
1952 1890 78 31 used
2046 1890 32 30 in

1066 1947 60 21 our
1138 1937 124 37 review,
1277 1938 79 30 41%
1372 1937 82 31 have
1468 1947 18 21 a
1498 1937 208 31 well-known
1719 1937 133 39 biology
1866 1937 63 31 and
1943 1937 135 39 ecology

1066 1984 65 39 (for
1146 1984 157 39 example,
1321 1989 32 26 at
1369 1984 79 31 least
1465 1994 62 21 one
1543 1984 175 39 long-term
1734 1984 73 31 field
1825 1984 95 39 study
1937 1984 39 31 of
1988 1994 90 21 more

1065 2031 79 31 than
1157 2032 19 29 2
1192 2031 115 39 years),
1322 2032 78 30 38%
1416 2041 60 21 can
1489 2031 39 31 be
1541 2031 190 31 considered
1744 2031 200 39 moderately
1957 2031 121 31 known

1066 2079 46 39 (at
1128 2079 80 31 least
1225 2089 62 21 one
1305 2079 188 31 short-term
1510 2079 105 39 study,
1642 2080 52 29 <2
1710 2079 116 39 years),
1845 2079 63 31 and
1926 2080 79 30 21%
2025 2089 53 21 are

1065 2126 78 31 little
1156 2126 131 31 known.
1302 2126 68 31 The
1383 2126 207 31 well-known
1604 2126 119 39 species
1736 2126 128 31 include
1877 2126 60 31 five
1950 2126 128 31 diurnal

1065 2173 164 39 primates,
1264 2178 64 26 two
1363 2173 84 37 deer,
1483 2183 62 21 one
1579 2173 78 31 bear
1690 2173 171 31 Helarctos
1893 2173 186 39 malayanus

1066 2220 144 39 (Raffles,
1245 2220 102 38 1821),
1379 2230 61 21 one
1470 2220 81 31 civet
1586 2222 125 29 Viverra
1742 2220 190 39 tangalunga
1963 2220 114 39 (Gray,

1069 2268 103 38 1832),
1188 2278 61 21 one
1264 2273 52 26 cat
1331 2268 215 31 Prionailurus
1559 2268 197 39 bengalensis
1771 2268 106 39 (Kerr,
1897 2268 103 38 1792),
2016 2278 62 21 one

1065 2315 53 39 pig
1135 2316 61 30 Sus
1210 2315 151 31 barbatus
1377 2315 144 39 (Miller,
1541 2315 92 38 1838)
1650 2315 64 31 and
1731 2325 62 21 one
1809 2315 134 39 squirrel
1959 2315 119 39 Ratufa

1065 2362 103 39 affinis
1183 2362 144 39 (Raffles,
1347 2362 101 38 1821).
1465 2362 49 31 Of
1524 2362 99 37 these,
1640 2372 61 21 one
1716 2362 75 31 deer
1807 2363 118 30 Cervus
1939 2362 140 31 unicolor

1066 2409 106 39 (Kerr,
1204 2409 92 38 1792)
1324 2409 63 31 and
1415 2409 53 31 the
1495 2414 51 26 cat
1574 2419 52 21 are
1653 2409 121 31 known
1801 2409 165 39 primarily
1992 2409 86 31 from

1066 2456 104 31 South
1186 2456 89 31 Asia.
1294 2456 67 31 The
1378 2456 206 31 mouse-deer
1600 2456 120 39 species
1738 2456 168 39 (Tragulus
1923 2456 84 39 spp.)
2026 2466 52 21 are

1065 2504 121 31 known
1200 2504 165 39 primarily
1379 2504 86 31 from
1480 2514 61 21 one
1555 2504 139 31 detailed
1708 2504 177 39 ecological
1900 2504 105 39 study,
2020 2504 58 31 but

1065 2551 146 31 research
1234 2551 160 31 attention
1416 2556 34 26 to
1473 2551 54 31 the
1549 2551 77 31 bear
1648 2551 120 39 species
1790 2551 58 31 has
1870 2551 140 39 recently
2032 2551 45 30 in-

1065 2598 129 31 creased
1219 2598 226 39 considerably
1469 2598 134 39 (Augeri
1627 2599 93 36 2001;
1745 2598 213 31 Fredriksson
1982 2603 31 26 et
2038 2598 38 31 al.

1065 2646 92 36 2006;
1172 2646 108 38 Wong
1294 2646 93 36 2002;
1401 2646 109 38 Wong
1524 2650 30 26 et
1569 2645 39 31 al.
1625 2646 92 36 2002,
1733 2645 105 38 2004).
1854 2645 156 31 Primates
2026 2655 52 21 are

1065 2693 161 39 generally
1250 2693 224 37 well-studied,
1501 2693 58 31 but
1585 2693 105 39 again,
1716 2693 54 31 the
1795 2693 135 39 ecology
1956 2693 39 31 of
2016 2703 62 21 one

1065 2740 151 31 colobine
1237 2740 161 39 Presbytis
1416 2740 88 31 hosei
1524 2740 168 39 (Thomas,
1717 2740 91 38 1889)
1829 2740 25 30 is
1874 2740 121 31 known
2015 2740 62 39 pri-
