2082 2768
56 9 31 30 If
109 9 122 31 carried
259 14 58 26 out
343 9 32 30 in
402 19 90 21 areas
519 9 135 31 selected
681 9 52 31 for
759 9 141 39 logging,
927 9 88 31 these

2 56 319 31 recommendations
334 56 117 31 should
464 56 74 39 help
550 56 226 39 considerably
789 56 32 30 in
833 56 182 39 protecting

2 103 179 31 vertebrate
212 103 212 39 populations
454 103 32 30 in
517 103 137 39 tropical
685 103 126 31 forests.
843 104 171 36 However,

2 151 88 31 these
103 151 319 31 recommendations
435 151 62 31 will
511 156 58 26 not
582 151 39 31 be
636 151 173 31 successful
822 151 138 31 without
974 161 41 21 an

3 198 120 31 overall
140 198 77 39 plan
234 198 52 31 for
303 198 197 31 sustainable
517 203 228 34 management
763 198 64 31 and
846 198 168 39 appropri-

3 250 50 26 ate
70 245 281 39 implementation
369 245 39 31 of
421 245 221 31 enforcement
658 255 172 21 measures.
851 245 164 31 Blockhus

2 297 30 26 et
52 292 38 31 al.
113 292 108 39 (1992)
241 292 164 39 proposed
426 292 78 31 such
524 302 18 21 a
561 292 87 39 plan,
668 292 105 31 which
792 292 150 31 included
961 292 54 31 the

2 340 177 39 following:

3 422 15 15 e
43 412 153 39 Creating
216 422 18 21 a
253 412 167 39 protected
441 417 118 34 system
578 412 108 31 linked
706 412 42 39 by
767 412 128 31 natural
915 412 100 31 forest

42 459 163 31 corridors

3 516 15 15 e
43 506 219 39 Establishing
280 506 200 39 monitoring
498 516 170 29 programs
686 511 34 26 to
739 516 114 21 ensure
871 506 144 31 effective

42 554 281 39 implementation

3 611 15 15 e
43 601 248 39 Implementing
322 601 153 31 remedial
508 601 108 31 action
647 601 112 31 before
790 601 140 39 changes
962 611 53 21 are

42 648 197 31 irreversible

3 742 135 39 Finally,
157 742 175 39 long-term
350 742 92 39 goals
461 742 117 31 should
597 742 135 31 balance
750 742 170 31 economic
938 742 76 31 ben-

2 790 70 31 efits
94 790 77 31 with
193 790 258 31 environmental
474 795 86 26 costs
583 795 34 26 to
640 800 153 21 conserve
817 790 40 31 all
880 800 134 29 compo-

2 842 93 26 nents
112 837 39 31 of
163 837 220 39 biodiversity,
400 837 165 39 including
582 837 205 31 vertebrates.

3 979 186 33 Discussion

3 1077 27 29 It
51 1076 25 30 is
97 1081 70 26 true
188 1076 70 31 that
279 1076 131 39 logging
430 1076 59 31 has
510 1076 64 31 had
597 1086 18 21 a
636 1076 64 31 bad
722 1086 88 29 press
831 1076 87 31 from
938 1086 76 21 con-

3 1123 220 31 servationists
245 1123 33 30 in
300 1123 53 31 the
375 1128 82 34 past.
481 1123 85 39 Why
589 1123 116 31 should
729 1123 286 31 conservationists

2 1180 74 21 now
95 1170 103 31 invest
217 1170 32 30 in
268 1170 103 31 better
389 1170 131 39 logging
540 1170 63 31 and
623 1170 103 31 better
744 1170 100 31 forest
863 1180 151 29 manage-

2 1222 88 26 ment
109 1217 172 39 practices?
301 1217 125 39 Firstly,
447 1227 34 21 as
500 1227 46 21 we
565 1217 82 31 have
667 1217 130 39 argued,
817 1217 198 39 production

2 1265 126 37 forests,
149 1265 27 30 if
191 1265 70 31 well
280 1265 171 39 managed,
472 1265 102 31 retain
593 1265 127 31 habitat
739 1265 52 31 for
809 1270 87 26 most
915 1265 100 31 forest

3 1312 128 39 species.
167 1312 170 39 Secondly,
370 1312 205 39 considering
608 1312 70 31 that
710 1312 54 31 the
796 1312 152 39 majority
981 1312 38 31 of

3 1360 157 30 Borneo’s
174 1359 179 39 remaining
366 1359 116 31 forests
497 1369 52 21 are
563 1359 103 31 under
679 1359 117 31 timber
808 1359 207 31 concessions

3 1406 91 39 (over
111 1407 133 36 100,000
260 1398 72 38 km?
346 1406 33 30 in
394 1406 197 31 Indonesian
607 1406 154 38 Borneo),
777 1406 147 39 working
938 1406 77 31 with

2 1454 198 39 production
215 1454 116 31 forests
346 1454 160 39 currently
522 1454 97 31 offers
633 1454 54 31 the
703 1454 76 39 only
793 1454 138 31 realistic
945 1464 70 29 way

2 1506 34 26 to
65 1501 158 31 maintain
251 1501 186 39 large-scale
465 1501 101 31 forest
594 1501 191 39 landscapes
813 1501 32 30 in
874 1502 139 30 Borneo.

2 1548 86 39 Only
107 1558 18 21 a
145 1548 91 31 small
255 1548 140 31 fraction
414 1548 38 31 of
467 1548 53 31 the
539 1548 100 31 forest
657 1548 175 39 landscape
850 1548 26 30 is
895 1548 120 39 strictly

3 1595 63 31 and
95 1595 177 39 effectively
300 1595 178 39 protected,
507 1595 59 31 but
594 1595 53 31 the
676 1595 182 31 remainder
885 1595 62 31 will
976 1595 39 31 be

2 1643 212 39 increasingly
236 1643 104 31 under
362 1653 226 29 pressure—as
611 1643 183 39 politicians
818 1643 64 31 and
906 1643 109 31 others

3 1690 73 31 seek
110 1700 153 21 revenues
298 1690 63 31 and
396 1690 325 39 development—for
753 1690 194 31 conversion
980 1695 34 26 to

2 1737 206 31 commercial
234 1737 149 31 land-use
410 1737 78 31 such
515 1747 34 21 as
575 1737 53 31 the
654 1737 186 39 large-scale
868 1737 147 39 oil-palm

2 1784 200 31 cultivation.
225 1784 130 31 Timber
375 1784 207 31 concessions
603 1784 81 31 offer
705 1784 239 39 opportunities
964 1784 52 31 for

2 1841 153 21 revenues
190 1831 63 31 and
287 1831 221 39 employment
541 1831 93 31 while
667 1831 215 39 maintaining
915 1831 100 31 forest

2 1889 104 21 cover.
128 1880 71 30 Our
217 1879 139 39 grander
374 1879 104 31 vision
498 1879 25 30 is
542 1879 71 31 that
633 1889 18 21 a
670 1879 104 31 zoned
794 1879 146 39 multiple
959 1889 56 21 use

2 1926 100 31 forest
124 1936 97 21 cover
242 1936 60 21 can
325 1926 135 39 provide
482 1926 186 39 large-scale
690 1926 101 31 forest
813 1926 200 39 landscapes.

2 1973 102 31 These
122 1973 191 39 landscapes
330 1983 61 21 can
408 1973 135 39 provide
561 1973 227 39 connectivity,
807 1978 137 34 support
961 1973 54 31 the

2 2020 192 39 persistence
229 2020 38 31 of
297 2020 233 39 wide-ranging
564 2020 130 39 species,
730 2020 63 31 and
828 2020 135 39 provide
997 2030 18 21 a

2 2073 228 34 management
246 2078 151 29 presence
415 2068 71 31 able
502 2073 34 26 to
554 2073 126 34 protect
696 2068 104 31 theses
817 2068 116 31 forests
951 2068 63 31 and

2 2115 53 31 the
80 2115 120 39 species
225 2115 73 31 sites
323 2115 63 31 and
412 2115 120 39 species
556 2115 75 39 they
655 2115 132 31 contain
812 2115 126 39 against
961 2115 54 31 the

2 2162 121 31 threats
139 2167 35 26 to
191 2162 105 31 which
312 2162 75 39 they
403 2162 62 31 will
482 2162 39 31 be
539 2162 173 39 subjected.

55 2209 150 31 Another
222 2209 142 31 relevant
382 2209 151 39 question
551 2209 25 30 is
594 2209 143 31 whether
755 2219 60 21 our
832 2209 105 31 vision
954 2219 61 21 can

2 2257 39 31 be
65 2257 151 31 achieved
240 2257 64 31 and
328 2257 117 31 should
468 2257 161 31 therefore
651 2257 39 31 be
714 2257 188 39 supported.
927 2257 87 31 Con-

2 2304 142 31 cessions
164 2304 32 30 in
217 2304 174 31 Indonesia
411 2314 78 29 vary
509 2304 32 30 in
562 2304 82 31 their
664 2304 111 39 ability
796 2304 64 31 and
881 2304 33 30 in
934 2304 82 31 their

2 2351 192 39 willingness
220 2356 34 26 to
280 2351 156 39 improve.
464 2352 104 38 Many
594 2351 38 31 of
653 2351 54 31 the
732 2351 70 31 best
827 2351 188 39 companies

2 2398 81 31 have
110 2398 82 31 been
218 2398 156 39 pursuing
401 2398 212 31 certification
640 2398 52 31 for
719 2408 89 21 some
835 2398 87 37 time,
951 2398 63 31 and

2 2456 98 29 many
128 2456 90 21 more
248 2446 130 39 already
407 2446 100 39 spend
537 2446 223 31 considerable
789 2451 153 26 amounts
972 2456 43 21 on

2 2493 149 39 fulfilling
189 2493 258 31 environmental
486 2493 198 39 regulations
724 2493 64 31 and
792 2489 8 48 _
827 2493 186 39 guidelines.

2 2540 102 31 These
117 2540 207 31 concessions
336 2540 149 39 envisage
498 2540 175 39 long-term
685 2540 219 31 involvement
917 2540 32 30 in
961 2540 54 31 the

2 2587 137 39 forestry
153 2587 158 39 industry,
327 2587 63 31 and
405 2587 75 39 they
495 2587 173 39 anticipate
683 2587 88 31 strict
785 2587 230 31 international

2 2635 186 31 conditions
203 2635 39 31 of
252 2635 117 31 timber
382 2635 91 31 trade
489 2635 63 31 and
568 2645 42 21 an
624 2635 212 39 increasingly
850 2635 164 31 restricted

3 2682 173 39 (Western)
195 2682 126 31 market
339 2682 198 39 demanding
555 2682 177 39 ecological
751 2682 64 31 and
835 2682 99 31 social
948 2682 66 39 jus-

2 2729 168 31 tification.
195 2729 68 31 The
287 2734 86 26 costs
397 2729 39 31 of
455 2729 212 31 certification
691 2739 53 21 are
768 2729 62 31 low
854 2729 52 31 for
929 2729 86 39 large

1065 9 188 39 companies
1301 9 141 39 (around
1491 0 238 48 US$100/km*,
1777 9 176 39 compared
2001 9 77 31 with

1066 47 345 48 US$500-5,000/km?
1434 56 33 30 in
1491 56 124 39 profits,
1642 56 156 39 averaged
1825 66 108 21 across
1958 56 120 31 several

1066 103 245 31 Borneo-based
1326 103 116 31 timber
1455 103 231 38 concessions),
1702 103 63 31 and
1779 113 61 21 can
1853 103 39 31 be
1906 103 171 31 recovered

1065 151 42 39 by
1125 151 169 39 improved
1314 161 106 21 access
1438 156 34 26 to
1491 151 161 39 premium
1669 151 142 31 markets
1831 151 63 31 and
1913 151 164 31 increased

1065 198 162 39 efficiency
1257 198 38 31 of
1319 198 117 31 timber
1465 198 197 39 operations.
1693 198 103 31 Other
1824 198 174 31 incentives
2027 198 52 31 for

1066 245 129 39 seeking
1211 245 212 31 certification
1440 255 52 21 are
1510 255 18 21 a
1545 246 105 38 ‘green
1667 245 126 39 image’,
1811 255 106 21 access
1934 250 34 26 to
1986 245 93 31 other

1065 292 152 37 markets,
1238 292 64 31 and
1322 292 166 39 publicity,
1508 292 93 31 while
1620 292 212 31 certification
1851 302 75 29 may
1946 292 68 31 also
2035 292 42 31 al-

1065 340 62 31 low
1145 340 186 31 innovative
1349 350 170 29 managers
1536 345 34 26 to
1589 340 84 39 push
1690 340 142 39 through
1850 345 228 34 management

1065 387 139 39 changes
1221 387 71 31 that
1309 387 141 31 increase
1467 387 219 39 productivity
1704 387 63 31 and
1785 387 172 39 efficiency.
1976 387 102 31 There

1066 444 52 21 are
1137 434 61 30 still
1216 434 190 39 challenges.
1427 435 65 30 For
1509 434 146 39 example
1673 439 228 34 governments
1919 434 96 31 could
2034 434 43 31 do

1065 491 90 21 more
1168 486 34 26 to
1215 481 135 39 provide
1362 481 185 37 incentives,
1562 481 78 31 such
1653 491 34 21 as
1700 481 151 39 allowing
1863 481 162 31 tax-relief
2035 491 43 21 on

1066 538 90 21 areas
1185 533 46 26 set
1260 528 87 31 aside
1376 528 42 39 by
1446 528 207 31 concessions
1682 528 52 31 for
1762 528 193 39 protection.
1985 528 92 37 Also,

1065 576 281 39 implementation
1373 576 63 31 and
1463 576 128 31 control
1617 576 100 31 issues
1742 576 71 31 that
1839 586 52 21 are
1917 576 161 39 presently

1065 623 214 39 problematic
1295 623 80 31 need
1393 628 34 26 to
1444 623 40 31 be
1500 623 156 31 resolved.

1118 670 150 31 Another
1289 675 169 34 argument
1479 670 73 39 why
1573 670 23 30 it
1617 670 102 39 might
1740 670 91 31 work
1853 670 63 31 and
1938 670 73 39 why
2032 680 46 21 we

1066 717 116 31 should
1206 722 49 34 try
1277 717 55 31 les
1354 717 77 31 with
1453 717 53 31 the
1528 717 116 39 people
1667 717 39 31 of
1725 718 128 30 Borneo
1876 717 200 31 themselves.

1065 765 67 31 The
1150 765 116 39 people
1284 765 32 30 in
1335 766 128 30 Borneo
1482 765 44 31 do
1544 770 59 26 not
1621 770 86 26 want
1725 770 34 26 to
1778 765 67 31 lose
1862 765 83 31 their
1962 765 116 31 forests

1066 812 63 31 and
1147 812 139 31 wildlife.
1305 812 30 30 A
1353 817 107 26 recent
1477 812 278 31 interview-based
1774 812 95 39 study
1886 812 32 30 in
1936 822 62 21 one
2015 812 62 31 dis-

1065 859 72 31 trict
1158 859 32 30 in
1213 859 197 31 Indonesian
1432 860 129 30 Borneo
1583 859 104 31 found
1709 859 71 31 that
1802 859 40 31 all
1864 859 214 39 respondents

1066 906 170 39 (villagers,
1252 906 224 39 townspeople
1493 906 63 31 and
1573 906 71 31 civil
1661 906 157 38 servants)
1835 911 137 34 support
1989 916 89 21 some

1065 954 86 31 form
1164 954 39 31 of
1211 954 100 31 forest
1323 954 229 31 conservation
1564 954 52 31 for
1628 954 209 39 biodiversity
1850 954 228 31 conservation

1066 1001 63 31 and
1147 1001 67 31 also
1232 1011 91 29 agree
1339 1001 70 31 that
1425 1001 130 39 logging
1570 1001 189 39 companies
1774 1001 80 31 need
1871 1006 34 26 to
1921 1001 39 31 be
1976 1001 103 31 better

1065 1048 180 31 controlled
1263 1048 226 39 (Padmanaba
1507 1048 63 31 and
1588 1048 85 31 Sheil
1690 1048 105 38 2007).

1064 1206 193 33 Conclusion

1065 1302 170 39 Although
1257 1302 130 39 logging
1409 1302 32 30 in
1464 1303 128 30 Borneo
1615 1302 58 31 has
1695 1307 58 26 not
1775 1307 51 34 yet
1848 1302 229 39 incorporated

1065 1359 98 29 many
1181 1349 38 31 of
1232 1349 54 31 the
1303 1359 163 21 measures
1483 1349 148 39 required
1649 1354 34 26 to
1701 1349 116 31 reduce
1834 1349 53 31 the
1905 1349 121 39 impact
2044 1349 38 31 of

1065 1397 131 39 logging
1217 1407 43 21 on
1281 1397 182 37 mammals,
1486 1407 61 21 our
1567 1397 139 39 analysis
1727 1397 156 31 indicates
1904 1397 70 31 that
1994 1397 83 31 well-

1065 1444 160 39 managed
1245 1444 144 31 selective
1407 1444 131 39 logging
1556 1454 60 21 can
1634 1444 39 31 be
1691 1444 197 39 compatible
1907 1444 76 31 with
2001 1454 76 21 con-

1066 1491 125 39 serving
1207 1496 86 26 most
1309 1491 101 31 forest
1426 1491 155 31 mammal
1599 1491 128 39 species.
1746 1491 102 31 There
1865 1491 25 30 is
1906 1491 171 39 currently,

1065 1538 159 37 however,
1247 1538 98 31 much
1367 1548 96 21 room
1485 1538 52 31 for
1558 1538 247 39 improvement.
1828 1539 59 30 We
1910 1543 127 34 suggest
2060 1548 18 21 a

1065 1586 138 31 number
1218 1586 38 31 of
1266 1586 140 39 changes
1421 1586 33 30 in
1468 1586 191 31 concession
1673 1591 229 34 management
1918 1586 63 31 and
1997 1586 81 39 legal

1065 1638 132 26 matters
1211 1638 34 26 to
1259 1633 146 39 improve
1419 1633 53 31 the
1486 1633 139 31 survival
1638 1633 137 31 chances
1789 1633 39 31 of
1837 1633 195 31 vertebrates
2046 1633 32 30 in

1066 1681 151 30 Bornean
1233 1680 198 39 production
1447 1680 126 31 forests.

1065 1774 280 32 Acknowledgements
1360 1773 49 25 We
1424 1781 46 17 are
1484 1772 116 33 grateful
1615 1772 43 26 for
1673 1773 45 25 the
1733 1773 128 25 financial
1876 1777 115 28 support
2006 1772 73 26 from

1065 1811 45 25 the
1133 1811 100 26 Center
1256 1810 43 26 for
1322 1811 198 25 International
1544 1812 127 31 Forestry
1695 1811 143 30 Research,
1863 1811 46 25 the
1932 1812 147 31 European

1065 1850 195 30 Commission,
1276 1849 55 26 and
1346 1850 45 25 the
1405 1850 198 25 International
1617 1850 128 32 Tropical
1759 1850 109 25 Timber
1883 1850 196 32 Organisation

1065 1888 59 25 that
1138 1887 115 26 allowed
1268 1896 32 17 us
1314 1892 29 21 to
1359 1887 119 26 conduct
1493 1888 45 25 the
1552 1887 117 26 detailed
1684 1888 124 32 analyses
1823 1896 37 17 on
1875 1888 132 25 Borneo’s
2022 1896 56 17 ver-

1065 1926 125 25 tebrates.
1206 1926 49 25 We
1269 1926 86 25 thank
1370 1926 142 25 Konstans
1526 1926 82 25 Wells
1622 1925 43 26 for
1679 1926 41 25 his
1734 1926 135 25 extensive
1883 1930 152 21 comments
2049 1930 29 21 to

1065 1973 36 17 an
1117 1965 93 25 earlier
1227 1964 80 31 draft,
1325 1965 90 26 Claire
1432 1965 91 25 Miller
1539 1964 44 26 for
1599 1965 62 32 help
1678 1965 115 32 revising
1810 1965 45 25 the
1871 1969 63 26 text,
1952 1964 54 26 and
2023 1969 55 21 two

1065 2011 175 24 anonymous
1259 2003 139 25 reviewers
1418 2002 43 26 for
1481 2002 145 33 providing
1646 2003 182 25 constructive
1847 2003 127 25 criticism
1994 2007 29 21 to
2043 2011 36 17 an

1065 2042 93 25 earlier
1172 2041 81 26 draft.

1066 2176 194 33 References

1065 2273 143 26 Ancrenaz
1222 2274 41 30 M,
1280 2274 124 32 Calaque
1420 2275 32 29 R,
1469 2273 298 26 Lackman-Ancrenaz
1781 2275 11 24 I
1809 2274 91 32 (2004)
1915 2274 164 32 Orangutan

1118 2312 106 32 nesting
1251 2312 132 25 behavior
1410 2312 28 25 in
1465 2311 140 26 disturbed
1633 2311 85 26 forest
1746 2311 33 26 of
1803 2312 100 30 Sabah,
1932 2312 145 32 Malaysia:

1118 2351 183 32 implications
1315 2350 44 26 for
1372 2355 59 21 nest
1445 2359 103 17 census.
1564 2352 43 24 Int
1621 2351 13 26 J
1648 2351 131 25 Primatol
1793 2351 185 26 25:983—1000

1065 2388 101 33 Augeri
1183 2389 61 25 DM
1263 2389 91 32 (2001)
1372 2389 135 25 Potential
1524 2388 174 26 disturbance
1715 2389 92 25 effects
1824 2397 37 17 on
1877 2389 134 32 Malayan
2029 2397 50 17 sun

1118 2427 65 25 bear
1201 2427 153 32 (Helarctos
1371 2427 176 33 malayanus).
1566 2427 129 32 Ecology,
1714 2426 147 33 landscape
1878 2435 47 17 use
1942 2426 54 26 and
2014 2435 64 17 con-

1119 2466 136 25 servation
1273 2466 28 25 in
1318 2465 147 26 Indonesia
1483 2465 55 26 and
1556 2466 145 32 Malaysia.
1722 2466 70 25 First
1810 2474 63 24 year
1891 2470 99 28 report.
2012 2466 65 26 Uni-

1118 2504 98 32 versity
1231 2503 32 26 of
1273 2503 174 33 Cambridge,
1463 2503 167 33 Cambridge

1065 2542 101 33 Augeri
1189 2543 61 25 DM
1276 2543 90 32 (2002)
1391 2543 99 25 Effects
1514 2551 36 17 on
1574 2551 50 17 sun
1647 2543 64 25 bear
1735 2543 154 32 (Helarctos
1911 2543 167 33 malayanus)

1118 2581 106 25 habitat
1236 2581 136 30 selection,
1384 2581 114 32 ecology
1509 2580 54 26 and
1575 2580 147 33 landscape
1733 2589 54 17 use.
1800 2582 86 31 Paper
1897 2580 142 33 presented
2051 2585 28 21 at

1118 2619 45 25 the
1189 2619 199 25 International
1415 2619 68 25 Bear
1509 2618 177 26 Association
1712 2618 112 26 Annual
1850 2619 123 32 Meeting
2000 2619 77 30 2002,

1119 2657 140 33 Steinkjer,
1275 2659 121 31 Norway

1065 2695 101 33 Augeri
1185 2696 61 25 DM
1267 2696 90 32 (2003)
1377 2696 202 26 Conservation
1598 2695 32 26 of
1645 2696 45 25 the
1708 2696 134 32 Malayan
1861 2704 50 17 sun
1929 2696 65 25 bear
2013 2696 65 32 (He-

1119 2734 97 26 larctos
1232 2734 167 33 malayanus)
1416 2734 27 25 in
1459 2733 155 26 Indonesia:
1632 2734 153 32 mitigating
1802 2734 133 32 potential
1951 2734 127 33 bear/hu-
