2078 2779
1 0 114 39 marily
136 0 87 31 from
240 0 67 39 just
329 10 61 21 one
412 0 81 30 PhD
515 0 97 31 thesis
635 0 161 39 (Mitchell
821 0 102 38 1994).
947 0 67 31 The

1 47 79 31 least
93 47 121 31 known
227 47 172 31 mammals
412 47 127 31 include
553 47 161 39 squirrels,
728 52 64 26 tree
807 47 128 37 shrews,
949 52 65 26 rats

2 94 63 31 and
83 94 91 37 mice,
193 94 63 31 and
274 94 108 37 civets,
399 104 99 29 many
515 94 38 31 of
566 94 104 31 which
687 104 75 29 may
778 94 75 39 play
870 104 18 21 a
906 94 107 39 signif-

1 142 86 31 icant
103 142 68 31 role
187 142 32 30 in
236 142 179 39 dispersing
432 142 90 31 seeds
539 142 64 31 and
620 142 222 39 regenerating
858 142 126 31 forests.

1 283 155 31 Primates

1 378 67 31 The
83 378 109 31 effects
207 378 38 31 of
255 378 131 39 logging
401 388 44 21 on
459 378 154 39 primates
628 388 52 21 are
695 378 93 39 fairly
802 378 70 31 well
887 378 126 31 studied

1 425 176 39 compared
204 430 34 26 to
266 425 93 31 other
385 426 151 30 Bornean
562 425 172 31 mammals
761 425 129 39 (Felton
916 430 31 26 et
974 425 38 31 al.

1 473 92 36 2003;
114 472 103 31 Johns
241 473 88 36 1987,
355 473 88 36 1997;
465 472 322 39 Morrogh-Bernard
809 477 30 26 et
860 472 38 31 al.
921 473 92 36 2003;

1 519 165 39 Plumptre
191 519 63 31 and
279 519 103 31 Johns
406 520 92 36 2001;
524 519 134 39 Rijksen
686 520 88 36 1978;
798 519 127 31 Wilson
950 519 63 31 and

0 567 126 31 Wilson
150 567 102 38 1975).
274 568 71 30 Our
364 567 114 31 review
498 567 155 31 indicates
674 567 80 37 that,
776 567 32 30 in
828 567 185 39 particular,

1 614 151 31 densities
186 614 38 31 of
253 614 178 39 Hylobates
463 614 141 31 muelleri
636 614 149 39 (Martin,
824 614 91 38 1841)
950 614 63 31 and

2 661 161 39 Presbytis
181 661 87 31 hosei
285 661 149 31 decrease
453 661 167 39 following
639 661 141 39 logging,
800 661 142 31 whereas
961 661 53 31 the

1 708 214 31 information
233 708 52 31 for
303 708 93 31 other
414 708 120 39 species
552 708 78 31 such
649 718 34 21 as
701 710 140 29 Macaca
860 718 69 29 spp.
950 708 63 31 and

2 758 34 28 P.
61 756 170 31 rubicunda
254 756 144 39 (Miller,
425 756 102 38 1838),
550 756 25 30 is
597 766 90 21 more
711 756 204 39 ambiguous.
940 757 27 29 It
989 756 25 30 is

1 803 131 31 unclear
152 808 32 26 at
205 803 62 30 this
289 808 87 34 stage
397 808 34 26 to
452 803 87 31 what
559 808 107 26 extent
687 803 88 31 these
795 808 145 34 patterns
961 813 53 21 are

1 850 169 39 explained
184 850 43 39 by
240 850 54 31 the
308 850 176 39 ecological
498 850 109 31 effects
622 850 38 31 of
669 850 131 39 logging
815 860 37 21 or
865 850 42 39 by
922 850 93 31 other

1 897 121 31 factors
151 897 78 31 such
257 907 34 21 as
319 897 164 31 increased
512 897 137 39 hunting
677 907 156 29 pressure.
863 898 151 30 Bornean

2 950 200 34 orangutans
218 947 109 37 Pongo
338 956 176 28 pygmaeus
529 945 186 39 (Linnaeus,
736 945 91 38 1760)
844 955 121 29 appear
979 950 34 26 to

1 1002 81 29 cope
101 992 163 39 relatively
283 992 69 31 well
371 992 77 31 with
467 992 141 39 logging,
628 992 169 39 especially
816 992 53 31 the
888 997 126 26 eastern

2 1039 182 39 subspecies
208 1041 34 28 P.
263 1050 32 28 p.
320 1041 100 28 morio
444 1039 126 39 (Owen,
598 1039 91 38 1837)
714 1039 182 39 (Ancrenaz
919 1044 31 26 et
974 1039 38 31 al.

1 1086 105 38 2004).

55 1135 36 29 In
114 1134 138 39 general,
276 1134 164 39 primates,
463 1134 169 39 especially
655 1134 53 31 the
731 1144 90 21 more
844 1134 170 39 generalist

1 1181 133 37 feeders,
164 1191 121 29 appear
312 1181 93 39 fairly
434 1181 174 39 adaptable
636 1186 34 26 to
699 1181 145 31 selective
872 1181 141 39 logging,

1 1228 161 39 changing
179 1228 83 31 their
278 1228 136 39 ranging
431 1233 145 34 patterns
594 1228 64 31 and
677 1228 81 31 diets
775 1233 34 26 to
829 1238 184 21 accommo-

1 1275 74 31 date
91 1275 139 39 changes
245 1275 33 30 in
293 1275 100 31 forest
409 1280 157 26 structure
582 1275 64 31 and
662 1275 220 39 composition
899 1275 115 39 (Johns

5 1323 101 38 1997).
121 1323 103 31 Johns
238 1323 63 31 and
316 1323 151 39 Skorupa
481 1323 108 39 (1987)
603 1323 99 31 noted
716 1323 80 37 that,
811 1323 170 39 generally,
996 1333 18 21 a

1 1370 137 39 primate
157 1370 129 39 species’
305 1370 113 39 degree
437 1370 38 31 of
488 1370 166 39 frugivory
673 1370 106 31 shows
772 1366 32 48 a
833 1370 181 39 significant

1 1417 147 39 negative
163 1417 195 31 correlation
374 1417 77 31 with
466 1417 39 30 its
521 1417 111 39 ability
648 1422 34 26 to
698 1417 114 39 persist
827 1417 32 30 in
875 1417 139 39 recently

1 1464 115 39 logged
135 1464 127 37 forests,
281 1474 34 21 as
333 1464 168 39 expressed
520 1464 42 39 by
579 1464 222 39 comparative
818 1464 196 39 population

1 1512 151 31 densities
165 1512 32 30 in
210 1512 162 39 unlogged
387 1512 64 31 and
466 1512 148 39 adjacent
627 1512 116 39 logged
757 1512 125 31 forests.
899 1512 115 31 Marsh

1 1564 30 26 et
45 1559 39 31 al.
101 1559 108 39 (1987)
225 1559 168 39 suggested
407 1559 40 30 its
460 1559 114 39 degree
589 1559 38 31 of
636 1559 219 39 terrestriality
868 1559 62 31 will
945 1559 68 31 also

2 1606 94 31 affect
114 1616 18 21 a
148 1606 165 39 primate’s
330 1606 223 39 adaptability.
573 1607 92 30 Most
682 1606 64 31 Old
762 1606 114 31 World
895 1606 119 39 species

1 1653 134 39 capable
152 1653 39 31 of
202 1653 181 39 colonising
400 1653 178 39 secondary
594 1653 100 31 forest
710 1663 53 21 are
779 1658 32 26 at
827 1653 79 31 least
922 1653 91 31 semi-

1 1701 172 31 terrestrial
198 1701 32 30 in
255 1701 117 37 habits,
398 1701 105 31 which
528 1706 86 26 must
639 1701 153 31 facilitate
818 1701 139 31 survival
982 1701 32 30 in

2 1748 91 31 small
106 1748 142 39 patches.
262 1748 77 30 This
351 1748 190 37 behaviour,
555 1748 159 37 however,
728 1748 68 31 also
810 1748 204 39 predisposes

1 1795 89 31 them
107 1800 34 26 to
159 1805 79 29 crop
256 1795 136 39 raiding,
411 1795 133 39 making
561 1795 89 31 them
667 1805 90 21 more
775 1795 186 31 vulnerable
979 1800 34 26 to

1 1842 147 39 hunting.

2 1984 157 39 Squirrels

1 2078 92 31 Diets
121 2078 63 31 and
211 2078 53 31 the
290 2078 114 39 degree
431 2078 38 31 of
491 2078 219 39 terrestriality
737 2078 68 31 also
833 2088 121 29 appear
979 2083 34 26 to

1 2126 176 31 determine
223 2126 54 31 the
324 2126 176 39 sensitivity
547 2126 38 31 of
628 2126 150 39 squirrels
824 2126 189 39 (Sciuridae,

1 2173 100 31 Table
121 2173 39 38 1).
187 2174 104 38 Many
316 2173 38 31 of
374 2173 88 31 these
488 2173 119 39 species
631 2173 71 31 feed
728 2183 43 21 on
797 2183 18 21 a
838 2173 87 39 large
950 2173 63 31 and

2 2220 211 39 overlapping
234 2220 121 39 variety
378 2220 38 31 of
433 2220 149 31 different
604 2220 208 39 arthropods,
834 2220 93 31 fruits
950 2220 63 31 and

2 2267 93 31 other
115 2267 91 39 plant
227 2267 146 31 material
396 2267 171 39 (Emmons
588 2268 93 36 2000,
704 2268 40 29 K.
767 2267 98 31 Wells
886 2267 127 39 unpub-

1 2315 101 31 lished
122 2315 88 37 data;
232 2315 170 39 Langham
425 2315 101 38 1983).
548 2315 126 31 Details
694 2315 38 31 of
747 2315 83 31 their
848 2315 81 31 diets
950 2325 63 27 are,

1 2362 159 37 however,
181 2372 118 29 sparse.
320 2362 79 37 Still,
419 2362 88 31 there
527 2372 121 29 appear
665 2367 34 26 to
719 2362 39 31 be
778 2372 89 21 some
886 2362 128 39 general

1 2409 109 31 trends
133 2414 34 26 to
191 2419 90 21 more
304 2409 213 31 carnivorous
539 2409 81 31 diets
643 2409 33 30 in
699 2409 172 31 terrestrial
895 2409 119 39 species

2 2456 171 39 (Emmons
192 2456 101 38 1995).
311 2456 169 39 Similarly,
495 2456 131 31 vertical
640 2456 149 39 foraging
805 2456 130 39 activity
950 2456 63 31 and

2 2504 225 31 stratification
240 2509 145 34 patterns
399 2514 52 21 are
465 2504 138 39 roughly
616 2504 132 37 known,
762 2504 58 31 but
833 2504 54 31 the
900 2504 114 31 details

2 2551 38 31 of
51 2551 126 31 habitat
191 2551 212 39 partitioning
419 2551 64 31 and
499 2551 93 30 shifts
606 2551 33 30 in
654 2551 115 39 logged
785 2551 116 31 forests
917 2551 97 39 along

1 2598 130 31 vertical
148 2598 163 39 gradients
330 2598 61 30 still
408 2598 126 39 require
551 2598 228 39 investigation
798 2598 110 39 (Wells
925 2603 30 26 et
974 2598 38 31 al.

1 2645 105 38 2004).

54 2693 133 39 Among
215 2693 160 39 squirrels,
404 2693 53 31 the
485 2693 195 39 population
708 2693 126 39 density
862 2693 38 31 of
925 2703 89 21 some

2 2740 119 39 Species
143 2750 137 29 appears
301 2745 34 26 to
357 2740 133 37 decline,
512 2740 136 39 notably
668 2740 120 39 Ratufa
809 2740 120 31 bicolor
950 2740 63 31 and

1064 2 148 29 Lariscus
1236 2 128 37 insignis
1388 0 48 39 (F.
1463 0 128 37 Cuvier,
1616 0 33 30 in
1674 0 160 39 Geoffroy
1858 0 64 31 and
1948 0 128 37 Cuvier,

1068 47 103 38 1821),
1189 47 92 31 while
1300 47 119 37 others,
1438 47 78 31 such
1535 57 34 21 as
1588 47 214 31 Callosciurus
1814 49 152 37 prevostii
1983 47 93 39 (Des-

1064 99 129 32 marest,
1222 94 102 38 1822),
1351 95 35 30 C.
1412 100 127 25 notatus
1563 94 189 39 (Boddaert,
1781 94 103 38 1785),
1909 94 64 31 and
1999 95 77 30 Sun-

1064 141 162 31 dasciurus
1246 143 99 29 tenuis
1365 141 188 39 (Horsfield,
1577 141 92 38 1823)
1690 141 90 31 show
1799 141 158 31 increases
1977 151 38 21 or
2033 151 43 21 no

1065 189 181 39 significant
1269 189 123 39 change
1417 189 151 39 (Bennett
1592 189 63 31 and
1680 189 166 31 Dahaban
1873 190 89 36 1995;
1986 189 90 31 Dah-

1065 236 85 31 aban
1164 241 30 26 et
1209 236 38 31 al.
1267 237 88 36 1996;
1370 236 102 31 Johns
1490 236 101 38 1997).
1608 236 79 37 Still,
1701 236 54 31 the
1768 236 110 31 effects
1892 246 52 21 are
1959 236 118 39 always

1064 288 58 26 not
1140 283 177 31 consistent
1334 283 144 31 between
1497 283 83 31 sites.
1601 284 65 30 For
1683 283 155 37 instance,
1857 284 137 30 Bennett
2013 283 63 31 and

1064 330 166 31 Dahaban
1250 330 108 39 (1995)
1379 330 64 31 and
1463 330 166 31 Dahaban
1648 335 30 26 et
1699 330 38 31 al.
1759 330 109 39 (1996)
1888 330 150 39 reported
2059 340 18 21 a

1064 378 113 39 higher
1195 378 125 39 density
1340 378 39 31 of
1395 378 91 31 small
1506 378 229 31 Sundasciurus
1754 378 150 39 squirrels
1924 379 32 30 S.
1979 380 99 29 tenuis

1065 425 63 31 and
1149 426 32 30 S.
1203 425 82 31 /owii
1304 425 168 39 (Thomas,
1496 425 92 38 1892)
1608 425 32 30 in
1660 425 54 31 old
1735 425 132 39 shifting
1886 425 191 31 cultivation

1065 482 90 21 areas
1168 472 176 39 compared
1359 472 77 31 with
1449 472 143 39 primary
1605 472 111 37 forest,
1730 472 105 31 which
1849 477 144 34 suggests
2007 472 70 31 that

1064 519 88 31 these
1177 519 119 39 species
1320 519 119 31 benefit
1463 519 87 31 from
1573 519 186 31 conditions
1783 519 32 30 in
1839 519 88 31 these
1951 519 126 39 heavily

1064 567 166 31 disturbed
1261 567 126 31 forests.
1419 568 54 30 On
1503 567 53 31 the
1587 567 94 31 other
1709 567 100 37 hand,
1839 567 98 31 Wells
1968 567 108 39 (2005)

1064 614 119 39 caught
1200 614 90 31 twice
1308 624 34 21 as
1359 624 98 29 many
1475 615 31 30 S.
1526 614 82 31 /owii
1623 614 33 30 in
1673 614 141 39 primary
1831 614 101 31 forest
1948 614 80 31 than
2045 614 32 30 in

1065 661 179 39 secondary
1257 661 100 31 forest
1371 661 49 39 (31
1437 671 45 20 vs.
1501 661 50 38 14)
1565 661 77 31 with
1656 661 120 31 similar
1789 661 152 39 trapping
1954 661 122 37 efforts,

1064 708 92 31 while
1170 708 136 31 Yasuda
1319 713 30 26 et
1363 708 39 31 al.
1418 708 109 39 (2003)
1542 708 152 39 similarly
1707 708 155 31 recorded
1878 718 18 21 a
1909 708 122 31 decline
2045 708 32 30 in

1065 757 31 30 S.
1116 756 82 31 lowii
1213 756 167 39 following
1397 756 140 39 logging.

1117 803 46 30 As
1194 803 168 39 suggested
1392 803 42 39 by
1463 803 103 31 Johns
1596 803 120 39 (1997),
1746 803 182 37 terrestrial,
1958 803 119 39 largely

1064 850 235 31 insectivorous
1325 850 150 39 squirrels
1502 850 125 31 seemed
1653 850 80 31 least
1759 850 71 31 able
1856 855 34 26 to
1917 850 100 39 adapt
2042 855 34 26 to

1064 897 186 31 conditions
1265 897 32 30 in
1312 897 115 39 logged
1443 897 126 31 forests.
1585 897 77 30 This
1677 897 108 31 would
1801 897 35 30 fit
1851 897 53 31 the
1920 897 156 31 observed

1064 945 165 31 decreases
1246 945 32 30 in
1295 947 35 28 L.
1350 947 128 37 insignis
1495 945 64 31 and
1577 945 274 31 Rheithrosciurus
1868 945 210 31 laticaudatus

1065 992 114 39 (Gray,
1212 992 92 38 1867)
1334 992 148 39 (Yasuda
1510 997 31 26 et
1569 992 39 31 al.
1638 992 107 38 2003),
1775 992 63 31 and
1868 993 32 30 S.
1930 992 148 39 hippurus

1065 1039 184 39 (Geoffroy,
1270 1039 92 38 1831)
1380 1039 179 39 (Dahaban
1575 1044 31 26 et
1623 1039 39 31 al.
1684 1040 89 36 1996,
1791 1039 154 37 Laidlaw,
1963 1039 105 38 2000).

1064 1182 79 30 Tree
1160 1181 118 31 shrews

1065 1276 36 29 In
1116 1280 144 26 contrast
1274 1280 35 26 to
1325 1275 160 39 squirrels,
1501 1275 104 31 which
1620 1275 81 31 have
1716 1275 119 39 mostly
1849 1275 180 31 diversified
2045 1275 32 30 in

1064 1323 53 31 the
1136 1333 139 29 canopy,
1294 1328 65 26 tree
1379 1323 101 31 shrew
1500 1323 119 39 species
1639 1333 52 21 are
1710 1323 165 39 primarily
1894 1323 181 31 terrestrial.

1065 1371 157 30 Emmons
1238 1370 108 39 (2000)
1362 1370 176 39 compared
1553 1375 65 26 tree
1634 1370 101 31 shrew
1750 1375 149 34 captures
1914 1370 32 30 in
1961 1370 115 39 logged

1065 1417 63 31 and
1154 1417 162 39 unlogged
1343 1427 90 21 areas
1459 1422 32 26 at
1516 1417 149 31 different
1689 1417 93 31 times
1808 1417 38 31 of
1867 1417 53 31 the
1945 1427 76 29 year
2045 1417 32 30 in

1064 1465 135 30 Danum
1227 1464 122 39 Valley,
1380 1464 118 31 Sabah.
1529 1464 103 31 Other
1660 1464 78 31 data
1767 1474 52 21 are
1848 1464 157 39 provided
2035 1464 42 39 by

1065 1512 155 39 Stuebing
1237 1512 64 31 and
1319 1512 97 31 Gasis
1433 1512 109 39 (1989)
1559 1512 74 31 who
1652 1512 125 31 studied
1795 1517 65 26 tree
1877 1512 102 31 shrew
1995 1522 81 29 pop-

1064 1559 142 31 ulations
1223 1559 33 30 in
1274 1559 115 39 logged
1408 1559 100 31 forest
1527 1559 63 31 and
1609 1559 242 31 monocultural
1868 1564 65 26 tree
1951 1559 125 39 planta-

1064 1606 95 31 tions.
1178 1606 102 31 These
1297 1611 64 26 two
1380 1606 120 31 studies
1518 1606 168 39 suggested
1703 1606 71 31 that
1790 1606 131 39 logging
1939 1606 138 39 severely

1064 1653 137 39 impacts
1223 1653 53 31 the
1297 1653 96 31 lesser
1414 1658 64 26 tree
1501 1653 112 37 shrew,
1639 1655 118 37 Tupaia
1779 1655 101 28 minor
1901 1653 175 39 (Giinther,

1068 1701 103 38 1876),
1203 1701 63 31 and
1298 1701 193 31 Ptilocercus
1522 1701 82 31 lowii
1633 1701 114 39 (Gray,
1783 1701 102 38 1848),
1917 1701 53 31 the
2001 1701 76 39 only

1065 1748 148 31 arboreal
1229 1753 65 26 tree
1311 1748 102 31 shrew
1429 1748 120 39 species
1566 1748 172 39 (Emmons
1754 1748 106 38 2000),
1877 1748 200 39 eliminating

1064 1795 89 31 them
1171 1795 87 31 from
1278 1795 73 31 sites
1371 1795 32 30 in
1423 1795 104 31 which
1548 1795 93 31 other
1660 1795 119 39 species
1799 1795 164 31 remained
1984 1795 92 31 unaf-

1064 1842 115 37 fected;
1197 1842 82 31 their
1295 1842 254 39 disappearance
1566 1852 66 21 was
1649 1842 161 39 probably
1804 1838 32 48 a
1863 1842 99 31 direct
1980 1842 97 31 result

1065 1890 38 31 of
1115 1890 53 31 the
1184 1890 100 31 forest
1300 1900 128 29 canopy
1444 1890 95 39 being
1555 1890 182 39 destroyed.
1756 1890 207 39 Conversely,
1979 1890 98 31 Wells

1065 1937 109 39 (2005)
1197 1937 155 31 recorded
1381 1939 31 28 T.
1437 1939 101 28 minor
1562 1947 34 21 as
1620 1947 18 21 a
1661 1947 156 21 common
1841 1937 119 39 species
1984 1937 52 31 for
2059 1947 18 21 a

1064 1984 115 39 logged
1199 1984 57 31 site
1274 1984 32 30 in
1324 1984 109 31 Sabah
1452 1984 53 39 (44
1523 1989 58 26 out
1600 1984 38 31 of
1652 1985 60 30 320
1730 1984 172 39 captures).
1922 1984 68 31 The
2007 1994 69 29 per-

1065 2031 133 31 sistence
1225 2031 38 31 of
1285 2031 93 31 other
1407 2033 118 37 Tupaia
1551 2031 119 39 species
1696 2031 32 30 in
1754 2031 115 39 logged
1896 2041 90 21 areas
2013 2031 63 31 and

1064 2079 200 39 plantations
1283 2079 161 39 appeared
1463 2084 34 26 to
1516 2079 127 39 depend
1662 2079 165 39 primarily
1846 2089 43 21 on
1907 2079 169 31 understo-

1064 2136 53 29 rey
1134 2126 184 39 vegetation
1334 2126 136 39 density.

1118 2174 36 29 In
1182 2173 145 31 selective
1354 2173 116 39 logged
1498 2173 100 31 forest
1625 2173 77 31 with
1729 2173 97 31 dense
1854 2173 222 39 understorey,

1068 2222 31 28 T.
1132 2226 73 25 tana
1235 2220 145 39 (Raffles,
1414 2220 91 38 1821)
1536 2220 157 31 increases
1723 2220 214 39 significantly
1967 2220 110 39 (Wells

1064 2267 105 38 2005).
1189 2268 157 30 Emmons
1363 2267 109 39 (2000)
1490 2267 184 39 speculated
1691 2267 70 31 that
1777 2267 131 39 logging
1924 2267 58 31 has
1998 2267 79 31 little

1065 2315 94 31 affect
1185 2325 43 21 on
1253 2315 54 31 the
1332 2315 53 39 big
1410 2315 172 31 terrestrial
1607 2320 65 26 tree
1698 2315 118 31 shrews
1841 2315 70 31 that
1936 2315 71 31 feed
2034 2325 43 21 on

1064 2362 230 31 invertebrates
1308 2362 32 30 in
1354 2362 85 31 litter
1452 2362 64 31 and
1531 2362 235 39 decomposing
1779 2362 109 37 wood,
1904 2372 34 21 as
1951 2362 77 39 long
2043 2372 34 21 as

1064 2409 53 31 the
1130 2409 212 39 understorey
1354 2409 25 30 is
1392 2409 107 37 dense,
1513 2409 53 31 the
1579 2409 127 39 ground
1720 2409 125 31 surface
1857 2409 85 31 litter
1953 2409 87 39 layer
2052 2409 25 30 is

1065 2456 102 39 shady
1182 2456 64 31 and
1261 2456 108 37 moist,
1386 2456 64 31 and
1466 2456 198 39 arthropods
1679 2466 53 21 are
1748 2456 170 31 abundant
1932 2466 78 21 near
2023 2456 54 31 the

1065 2504 134 31 surface.
1215 2505 36 29 In
1265 2504 200 39 plantations
1479 2504 104 31 where
1596 2504 88 31 there
1698 2504 25 30 is
1737 2504 78 31 little
1829 2504 127 39 ground
1970 2514 106 27 cover,

1064 2551 53 31 the
1142 2551 125 31 surface
1291 2551 25 30 is
1340 2551 94 37 drier,
1460 2551 63 31 and
1549 2551 198 39 arthropods
1771 2551 64 31 and
1860 2561 119 21 worms
2002 2561 75 29 may

1064 2598 138 31 descend
1217 2598 117 39 deeper
1347 2598 69 31 into
1431 2598 53 31 the
1500 2598 59 31 soil
1574 2598 159 39 (Fragoso
1749 2598 63 31 and
1828 2598 127 31 Lavelle
1973 2598 102 38 1992).

1065 2646 186 36 Moreover,
1286 2645 78 31 such
1397 2645 200 39 plantations
1630 2655 75 29 may
1737 2645 72 31 lack
1842 2645 235 39 decomposing

1064 2693 97 31 wood
1182 2693 63 31 and
1265 2693 54 31 the
1339 2693 179 31 associated
1540 2693 180 39 arthropod
1740 2693 101 31 fauna
1861 2703 34 21 as
1913 2693 54 31 the
1986 2693 90 39 plan-

1064 2740 121 31 tations
1202 2750 53 21 are
1272 2740 160 39 generally
1449 2740 124 31 burned
1591 2740 111 31 before
1719 2745 65 26 tree
1800 2740 156 39 planting.
