2082 2779
55 0 149 39 Hunting
227 0 90 31 often
340 0 110 31 affects
473 0 120 39 species
614 0 98 31 much
734 10 90 21 more
846 0 80 31 than
948 0 66 39 log-

2 47 75 39 ging
97 47 88 31 itself
201 47 32 30 in
253 57 99 29 many
372 52 89 34 parts
482 47 38 31 of
537 48 129 30 Borneo
688 47 151 39 (Bennett
860 47 64 31 and
946 47 68 31 Gu-

2 94 65 31 mal
90 95 93 36 2001;
208 95 137 30 Bennett
368 99 30 26 et
422 94 39 31 al.
486 95 93 36 2000;
604 94 161 39 Meijaard
789 99 31 26 et
843 94 39 31 al.
907 94 106 38 2005).

2 142 67 31 The
100 142 105 31 threat
235 142 101 39 posed
368 142 42 39 by
440 142 138 39 hunting
608 142 25 30 is
664 142 169 39 especially
864 147 89 34 great
983 142 32 30 in

3 190 157 30 Borneo’s
181 189 137 39 tropical
339 189 117 31 forests
477 189 137 31 because
635 189 104 31 edible
760 189 130 31 wildlife
911 189 25 30 is
957 189 57 31 rel-

3 236 115 39 atively
137 246 69 21 rare
226 236 150 39 (Bennett
395 241 30 26 et
444 236 38 31 al.
503 237 93 36 2002;
616 236 160 39 Meijaard
796 237 93 36 2004;
908 237 107 38 Payne

6 283 101 38 1990).
131 283 149 39 Hunting
301 283 26 30 is
348 283 95 39 likely
464 288 34 26 to
521 283 71 31 lead
614 288 34 26 to
670 283 140 39 changes
832 283 32 30 in
885 283 130 31 wildlife

2 331 161 37 densities,
197 331 220 37 distribution,
452 331 63 31 and
549 331 234 39 demography,
817 331 105 31 which
954 341 61 21 can

2 378 77 31 then
98 378 71 31 lead
190 383 34 26 to
246 378 92 30 shifts
358 378 32 30 in
411 378 72 31 seed
504 378 166 39 dispersal,
691 378 173 39 browsing,
885 388 129 29 compe-

2 425 105 37 tition,
125 425 182 39 predation,
326 425 63 31 and
407 425 93 31 other
515 425 203 39 community
734 425 177 39 dynamics.
929 426 86 30 How

3 472 40 31 all
66 472 88 31 these
176 472 121 31 factors
319 472 97 31 relate
439 477 34 26 to
496 472 79 31 each
598 472 93 31 other
712 472 140 31 remains
873 472 141 37 unclear,

2 520 58 31 but
79 520 53 31 the
153 520 119 31 overall
291 520 98 31 result
408 520 25 30 is
452 520 71 31 that
541 525 87 26 most
647 520 103 39 larger
768 520 196 31 vertebrates
983 520 32 30 in

3 568 128 30 Borneo
156 567 63 31 and
243 577 89 21 some
356 567 191 39 specifically
569 567 144 39 targeted
737 567 120 39 species
880 567 78 31 such
981 577 34 21 as

2 614 53 31 the
77 615 174 30 Sumatran
272 614 189 31 rhinoceros
482 614 224 31 Dicerorhinus
726 616 204 29 sumatrensis
951 614 63 39 (Fi-

3 661 99 37 scher,
128 661 103 38 1814),
252 661 122 37 turtles,
396 661 189 37 crocodiles,
606 661 181 39 ungulates,
809 661 64 31 and
894 661 121 31 certain

2 708 88 31 birds
111 708 82 31 have
214 708 32 30 in
267 718 99 29 many
388 718 89 21 areas
499 708 81 31 been
601 708 122 31 hunted
746 718 38 21 or
804 708 154 31 collected
980 713 34 26 to

2 756 195 39 extirpation
223 756 151 39 (Bennett
400 756 63 31 and
490 756 122 31 Gumal
637 757 93 36 2001;
757 757 137 30 Bennett
918 761 31 26 et
975 756 38 31 al.

2 804 92 36 2002;
119 803 279 39 Bradley-Martin
425 804 89 36 1989;
539 803 161 39 Meijaard
728 804 88 36 1996;
842 803 173 31 Robinson

3 850 63 31 and
85 850 142 31 Bodmer
247 851 89 36 1999;
355 850 173 31 Robinson
545 855 30 26 et
593 850 38 31 al.
654 850 102 38 1999).
775 850 92 37 Also,
885 850 130 39 logging

2 897 132 39 directly
158 897 63 31 and
245 897 167 39 indirectly
435 897 170 31 facilitates
627 897 138 39 hunting
788 907 162 29 pressures
973 897 42 39 by

2 945 179 39 increasing
202 955 106 21 access
328 945 51 31 via
400 945 97 31 roads
519 945 63 31 and
603 945 99 37 trails,
724 945 64 31 and
809 945 150 39 clearing,
981 955 34 21 as

2 992 69 31 well
94 1002 35 21 as
151 992 179 39 increasing
352 992 124 31 human
499 992 197 31 settlements
718 992 77 31 with
818 992 197 39 subsequent

2 1039 158 31 increases
179 1039 33 30 in
231 1039 126 31 market
377 1039 185 31 economies
583 1039 63 31 and
667 1039 233 39 consumption
920 1039 94 39 (Ben-

2 1091 68 26 nett
89 1086 64 31 and
174 1086 121 31 Gumal
315 1086 105 38 2001).

3 1226 322 33 Recommendations
339 1226 51 33 for
407 1226 189 39 production
610 1226 138 39 forestry
765 1226 30 32 in
812 1226 124 33 Borneo

2 1323 131 39 Having
154 1323 248 39 approximated
424 1323 74 31 how
519 1323 131 39 logging
672 1323 111 31 affects
804 1333 90 21 some
915 1328 99 26 verte-

2 1370 90 31 brate
111 1370 130 39 species,
259 1380 47 21 we
323 1370 109 31 would
450 1370 62 31 like
530 1375 34 26 to
582 1370 159 39 highlight
758 1370 141 39 possible
917 1370 97 31 chan-

2 1427 53 29 ges
76 1417 33 30 in
130 1417 190 31 concession
341 1422 229 34 management
591 1417 70 31 that
682 1417 97 31 could
802 1417 213 39 significantly

2 1464 98 31 boost
120 1464 130 31 wildlife
272 1464 148 31 survival.
444 1464 93 37 First,
559 1464 23 30 it
602 1464 26 30 is
648 1464 180 39 important
848 1469 34 26 to
904 1464 111 31 realise

2 1512 80 37 that,
99 1512 174 39 according
286 1517 34 26 to
336 1512 63 31 Act
413 1513 65 30 No.
496 1513 16 30 5
528 1512 38 31 of
580 1513 79 30 1990
673 1512 39 31 of
722 1512 53 31 the
790 1512 225 31 Government

3 1559 38 31 of
58 1559 184 37 Indonesia,
264 1559 190 31 concession
475 1569 170 29 managers
666 1569 53 21 are
740 1559 128 39 obliged
890 1564 34 26 to
945 1569 69 29 pre-

2 1611 75 26 vent
100 1616 62 29 any
185 1606 155 31 activities
362 1606 204 31 detrimental
589 1611 34 26 to
646 1606 53 31 the
722 1606 139 31 survival
884 1606 39 31 of
940 1616 74 29 pro-

2 1653 103 31 tected
132 1653 119 39 species
276 1653 167 39 (Ministry
467 1653 39 31 of
526 1654 151 38 Forestry
705 1653 102 38 1990).
833 1653 77 30 This
934 1653 81 39 legal

2 1701 216 39 requirement
234 1701 58 31 has
308 1701 161 39 generally
484 1701 82 31 been
581 1701 134 39 ignored
732 1701 33 30 in
781 1701 53 31 the
850 1706 83 34 past,
951 1701 63 31 and

2 1748 32 30 in
57 1758 98 29 many
177 1758 88 21 cases
288 1748 117 31 forests
427 1748 81 31 have
531 1748 81 31 been
635 1748 115 39 logged
775 1748 63 31 and
862 1748 153 31 clear-cut

2 1795 177 39 regardless
198 1795 38 31 of
250 1795 166 39 protected
436 1795 119 39 species
574 1795 32 30 in
624 1795 54 31 the
696 1805 84 21 area.
801 1795 137 39 Clearly,
957 1795 57 30 im-

2 1842 122 39 proved
147 1842 182 39 legislation
351 1842 64 31 and
438 1842 60 31 law
520 1842 221 31 enforcement
764 1842 63 31 and
850 1842 164 31 increased

3 1890 253 39 accountability
273 1900 53 21 are
342 1890 132 31 needed.

55 1937 67 31 The
142 1942 87 26 most
248 1937 203 39 threatening
472 1937 155 31 activities
646 1942 87 26 must
753 1937 68 31 also
842 1937 39 31 be
901 1937 113 31 identi-

2 1984 72 31 fied.
98 1984 47 30 As
167 1984 133 39 pointed
324 1989 58 26 out
405 1984 115 37 above,
542 1984 138 39 hunting
702 1994 95 29 poses
821 1994 61 21 one
906 1984 38 31 of
961 1984 54 31 the

2 2036 137 34 greatest
169 2031 121 31 threats
319 2036 34 26 to
384 2031 120 31 certain
535 2031 119 39 species
684 2031 143 39 targeted
858 2031 52 31 for
938 2041 76 21 con-

3 2079 166 39 sumption
191 2089 37 21 or
247 2079 102 37 trade,
371 2079 64 31 and
456 2079 40 30 its
516 2079 182 39 regulation
719 2079 117 31 should
858 2079 39 31 be
919 2089 18 21 a
957 2084 58 34 top

2 2126 135 39 priority
159 2126 32 30 in
214 2126 245 39 well-managed
483 2126 131 39 logging
636 2126 216 31 concessions.
877 2127 36 29 In
936 2127 78 30 Bor-

2 2183 73 27 neo,
91 2173 63 31 low
169 2173 101 31 forest
285 2173 219 39 productivity
519 2173 53 31 for
586 2173 73 31 wild
676 2173 137 31 animals
828 2173 97 30 limits
940 2173 75 31 how

2 2220 97 31 much
113 2220 215 39 exploitation
343 2220 63 31 and
421 2220 127 31 habitat
561 2220 226 31 modification
801 2230 60 21 can
875 2220 40 31 be
929 2220 86 31 done

3 2267 209 39 sustainably.
235 2268 137 30 Bennett
393 2267 64 31 and
479 2267 174 31 Robinson
674 2267 109 39 (2000)
805 2267 63 31 and
891 2267 124 31 Fimbel

2 2320 30 26 et
47 2315 38 31 al.
102 2315 109 39 (2001)
225 2315 157 39 provided
397 2315 138 31 detailed
550 2315 319 31 recommendations
883 2325 44 21 on
940 2315 75 31 how

2 2367 34 26 to
69 2362 113 31 curtail
214 2362 138 39 hunting
383 2362 33 30 in
448 2362 100 31 forest
580 2362 216 31 concessions.
830 2362 67 31 The
929 2367 86 26 most

2 2409 180 39 important
206 2409 39 31 of
264 2409 88 31 these
377 2409 93 31 focus
495 2419 43 21 on
563 2419 106 21 access
694 2409 64 31 and
783 2409 230 31 enforcement.

3 2456 134 39 Closing
165 2456 38 31 of
226 2456 131 39 logging
384 2456 98 31 roads
511 2466 34 21 as
573 2466 83 21 soon
684 2466 34 21 as
747 2456 187 39 operations
962 2466 53 21 are

2 2504 160 39 complete
174 2504 133 31 reduces
319 2504 53 31 the
386 2504 239 39 opportunities
637 2504 52 31 for
701 2504 138 39 hunting
852 2514 34 21 as
898 2504 70 31 well
981 2514 34 21 as

2 2551 104 39 illegal
120 2556 140 34 re-entry
274 2551 140 39 logging.
430 2551 68 31 The
512 2551 191 31 concession
717 2551 98 31 needs
829 2556 34 26 to
878 2551 137 39 develop

2 2598 84 31 clear
101 2598 84 31 rules
202 2608 43 21 on
262 2598 137 39 hunting
416 2598 118 39 (which
551 2598 119 39 species
687 2603 121 26 cannot
824 2598 40 31 be
880 2598 134 37 hunted,

2 2645 206 31 commercial
228 2655 44 20 vs.
295 2645 197 31 subsistence
512 2645 148 39 hunting,
682 2645 115 39 setting
818 2645 197 31 sustainable

2 2693 128 31 harvest
149 2693 105 37 levels,
275 2693 64 31 and
359 2693 200 39 monitoring
578 2693 304 39 implementation).
904 2693 110 31 Moni-

2 2740 107 39 toring
126 2740 53 31 the
197 2740 92 31 effect
307 2740 39 31 of
360 2740 78 31 such
455 2750 162 21 measures
635 2740 141 39 requires
793 2740 53 31 the
864 2740 150 39 develop-

1065 5 88 26 ment
1168 0 38 31 of
1217 0 112 39 simple
1344 10 114 29 survey
1471 0 152 31 methods
1636 0 71 31 that
1721 10 60 21 can
1795 0 39 31 be
1848 0 229 39 implemented

1065 47 42 39 by
1123 47 191 31 concession
1330 57 180 29 managers.

1118 94 138 31 Habitat
1284 94 239 39 heterogeneity
1552 94 64 31 and
1646 94 171 31 structural
1845 94 152 39 diversity
2025 104 53 21 are

1066 151 120 29 among
1203 141 54 31 the
1274 146 86 26 most
1377 141 180 39 important
1574 141 121 31 factors
1712 141 214 39 determining
1944 141 133 39 species-

1065 189 67 31 rich
1153 189 227 31 communities
1401 189 33 30 in
1454 189 128 31 natural
1603 189 101 31 forest
1725 189 142 39 settings,
1890 189 64 31 and
1976 189 101 31 main-

1065 236 124 39 taining
1214 236 88 31 these
1327 236 121 31 factors
1474 236 25 30 is
1524 236 189 39 important.
1742 236 236 31 Interventions
2003 246 75 29 may

1066 283 68 31 also
1149 283 39 31 be
1202 283 141 31 directed
1358 283 143 31 towards
1515 283 191 39 conserving
1721 283 127 39 specific
1862 293 164 21 resources
2042 293 37 21 or

1065 330 139 31 features
1220 330 93 39 (food
1329 335 91 32 trees,
1436 330 112 37 lianas,
1565 330 60 31 salt
1639 330 89 37 licks,
1743 340 103 27 caves,
1862 330 90 31 clean
1966 330 111 38 rivers)

1065 378 70 31 that
1156 388 52 21 are
1228 378 180 39 important
1428 378 52 31 for
1499 378 121 31 certain
1640 383 84 26 taxa.
1747 379 169 30 Measures
1936 378 142 31 relevant

1065 425 112 31 within
1189 425 185 39 harvesting
1386 435 98 21 zones
1497 425 117 31 should
1627 425 39 31 be
1680 425 143 39 adopted
1836 425 33 30 in
1882 425 148 31 addition
2043 430 34 26 to

1065 472 191 39 identifying
1272 472 104 39 larger
1392 482 90 21 areas
1499 477 34 26 to
1551 472 132 31 exclude
1700 472 86 31 from
1803 482 63 29 any
1882 472 194 39 harvesting.

1065 520 71 30 Our
1153 519 319 31 recommendations
1491 519 195 39 concerning
1705 519 63 30 this
1788 529 52 21 are
1860 519 145 31 outlined
2024 519 53 31 be-

1065 567 72 31 low.

1065 685 126 31 Reduce
1224 685 169 31 incidental
1422 685 134 39 damage
1589 691 31 25 to
1645 685 122 39 forests
1798 685 112 39 during
1940 685 137 31 harvest-

1066 734 59 37 ing.
1173 733 37 29 In
1226 732 185 39 particular,
1429 732 54 31 the
1501 742 74 21 area
1593 732 38 31 of
1644 732 139 39 severely
1800 732 160 39 damaged
1978 732 100 31 forest

1065 784 86 26 must
1164 779 39 31 be
1216 779 133 37 limited,
1363 779 78 31 such
1455 789 34 21 as
1503 779 97 39 along
1613 784 122 26 tractor
1748 779 70 31 skid
1831 779 89 31 trails
1933 779 64 31 and
2011 779 66 39 log-

1065 827 133 39 loading
1224 837 89 21 areas
1339 827 104 31 where
1468 827 184 39 vegetation
1678 827 64 31 and
1768 827 120 39 topsoil
1914 837 53 21 are
1992 832 86 26 most

1066 874 90 31 often
1169 874 163 31 removed.
1348 874 102 31 These
1464 884 91 21 areas
1569 884 52 21 are
1635 874 126 39 usually
1774 874 167 31 colonised
1955 874 68 30 first
2036 874 42 39 by

1065 921 88 31 vines
1169 921 63 31 and
1247 921 80 31 later
1341 921 42 39 by
1398 921 133 39 pioneer
1545 926 64 26 tree
1625 921 128 39 species.
1770 921 103 31 Areas
1887 921 190 31 dominated

1065 968 42 39 by
1121 968 78 31 such
1212 973 81 26 trees
1307 968 64 31 and
1385 968 88 31 vines
1487 978 52 21 are
1552 968 33 30 in
1598 968 92 31 effect
1703 968 81 31 food
1798 968 121 31 deserts
1932 973 34 26 to
1980 978 98 29 many

1065 1016 190 39 frugivores,
1274 1016 157 39 although
1449 1026 89 21 some
1556 1016 120 39 species
1693 1016 102 31 thrive
1812 1016 33 30 in
1861 1016 88 31 these
1966 1016 111 31 condi-

1065 1063 95 31 tions.
1190 1063 169 39 Reducing
1386 1063 54 31 the
1468 1073 74 21 area
1569 1063 39 31 of
1630 1063 126 39 heavily
1783 1063 167 31 disturbed
1978 1063 100 31 forest

1066 1110 116 31 should
1200 1110 119 31 benefit
1335 1110 180 39 frugivores
1532 1110 42 39 by
1590 1110 137 39 limiting
1744 1110 53 31 the
1814 1110 126 39 growth
1958 1110 38 31 of
2008 1110 69 39 pio-

1065 1167 99 21 neers.
1191 1157 91 37 Also,
1308 1157 197 39 minimising
1529 1157 53 31 the
1607 1157 175 39 frequency
1806 1157 39 31 of
1864 1167 80 29 gaps
1968 1157 32 30 in
2024 1157 54 31 the

1065 1214 128 29 canopy
1214 1204 116 31 should
1351 1204 116 31 reduce
1487 1204 53 31 the
1560 1204 121 39 impact
1701 1214 44 21 on
1764 1204 54 31 the
1837 1209 187 26 movement
2044 1204 38 31 of

1065 1252 206 37 non-volant,
1290 1252 148 31 arboreal
1456 1252 135 31 animals
1609 1252 92 39 (Putz
1718 1257 30 26 et
1765 1252 39 31 al.
1823 1252 105 38 2001).

1118 1300 149 38 Damage
1286 1299 64 31 and
1369 1299 149 31 invasion
1537 1299 42 39 by
1598 1299 148 39 pioneers
1765 1299 96 31 could
1881 1299 39 31 be
1939 1299 138 31 reduced

1065 1346 77 31 with
1159 1346 128 39 specific
1302 1356 163 21 measures
1482 1346 78 31 such
1578 1356 34 21 as
1628 1346 156 39 mapping
1801 1346 179 39 important
1996 1346 81 31 food

1066 1403 37 21 or
1119 1393 126 31 habitat
1262 1398 81 26 trees
1362 1393 63 31 and
1444 1393 117 39 special
1579 1393 73 31 sites
1670 1393 78 31 such
1766 1393 152 37 wallows,
1936 1393 142 39 riparian

1066 1451 90 21 areas
1179 1441 64 31 and
1267 1441 60 31 salt
1350 1441 135 39 springs;
1508 1441 157 39 planning
1687 1441 181 39 placement
1892 1441 38 31 of
1949 1441 130 31 skidder

1065 1488 108 37 roads;
1193 1488 64 31 and
1275 1488 94 39 using
1387 1488 222 39 light-weight,
1628 1498 139 27 narrow,
1787 1488 64 31 and
1869 1488 141 31 wheeled
2029 1498 48 21 ra-

1065 1535 71 31 ther
1148 1535 80 31 than
1242 1535 182 39 caterpillar
1438 1535 154 31 skidders.
1609 1535 158 31 Practices
1780 1545 61 21 can
1855 1535 39 31 be
1908 1535 169 39 improved

1065 1582 27 30 if
1108 1582 145 31 skidders
1274 1592 52 21 are
1345 1582 90 37 used;
1455 1582 163 39 examples
1637 1582 127 31 include
1784 1582 125 39 driving
1929 1582 76 31 with
2024 1582 54 31 the

1065 1630 95 31 blade
1185 1640 55 29 up,
1267 1630 161 39 reversing
1454 1635 57 26 out
1537 1630 39 31 of
1598 1630 70 31 skid
1694 1630 99 37 trails,
1821 1630 63 31 and
1910 1630 168 39 exploring

1065 1677 179 31 extraction
1258 1682 109 26 routes
1382 1687 43 21 on
1439 1677 73 31 foot
1525 1677 108 31 rather
1646 1677 80 31 than
1739 1677 87 31 from
1839 1677 53 31 the
1906 1677 70 31 cab.
1993 1677 85 31 Such

1065 1724 139 39 changes
1245 1724 125 39 require
1410 1724 185 37 education,
1637 1724 140 39 training
1818 1724 63 31 and
1922 1724 155 31 modified

1065 1771 158 31 incentive
1241 1771 246 31 schemes—but
1504 1771 117 31 should
1639 1771 98 31 lower
1754 1771 169 39 operating
1940 1776 86 26 costs
2044 1781 34 21 as

1065 1819 69 31 well
1162 1829 34 21 as
1223 1819 116 31 reduce
1366 1819 147 39 damage.
1542 1819 103 31 Other
1671 1819 201 39 low-impact
1899 1819 179 31 extraction

1065 1866 151 31 methods
1242 1866 117 31 should
1386 1866 39 31 be
1450 1866 164 39 explored,
1641 1866 165 39 including
1831 1866 179 31 extraction
2036 1866 42 39 by

1065 1913 140 39 draught
1236 1913 147 37 animals,
1414 1913 115 39 lighter
1557 1913 197 39 machinery,
1785 1913 186 39 machinery
2001 1913 77 31 with

1065 1960 104 31 broad
1184 1960 120 31 rubber
1318 1960 84 37 tires,
1418 1960 193 39 helicopters
1626 1960 64 31 and
1706 1960 122 39 skyline
1843 1960 116 31 cables.
1976 1960 102 31 These

1065 2018 60 21 can
1148 2008 226 39 considerably
1396 2008 116 31 reduce
1535 2008 59 31 soil
1617 2008 209 39 compaction
1850 2008 63 31 and
1936 2008 141 37 erosion,

1066 2055 63 31 and
1153 2055 137 39 damage
1313 2060 34 26 to
1370 2055 254 31 non-harvested
1647 2060 81 26 trees
1752 2055 63 31 and
1839 2055 184 39 vegetation
2046 2055 32 30 in

1065 2102 137 39 general.

1066 2222 148 29 Preserve
1230 2231 121 28 canopy
1366 2220 66 31 and
1443 2220 201 39 mid-canopy
1652 2220 51 39 fig
1720 2226 88 25 trees.
1856 2220 170 39 Regarded
2044 2230 34 21 as

1066 2277 18 21 a
1102 2267 156 39 keystone
1277 2267 81 31 food
1377 2277 148 21 resource
1545 2267 52 31 for
1615 2277 98 29 many
1731 2267 137 39 tropical
1887 2267 190 39 frugivores,

1065 2315 42 39 fig
1131 2320 81 26 trees
1237 2315 105 39 (Ficus
1366 2315 84 39 spp.)
1475 2315 82 31 have
1582 2315 117 39 special
1724 2315 204 39 significance
1952 2315 32 30 in
2008 2325 69 29 pre-

1066 2362 125 39 serving
1207 2362 110 31 fauna.
1337 2362 74 39 Figs
1429 2372 52 21 are
1498 2362 169 39 especially
1684 2362 179 39 important
1880 2362 52 31 for
1948 2362 130 31 wildlife

1066 2419 34 21 as
1115 2409 75 39 they
1205 2409 135 39 provide
1355 2409 77 31 fruit
1447 2409 204 39 throughout
1665 2409 54 31 the
1734 2419 76 29 year
1825 2409 64 31 and
1905 2409 81 31 fulfil
2001 2409 77 31 vital

1065 2456 191 31 nutritional
1274 2456 108 37 needs,
1402 2456 78 31 such
1498 2466 35 21 as
1551 2456 53 31 the
1622 2456 137 31 calcium
1777 2456 122 31 needed
1918 2456 42 39 by
1978 2461 99 26 verte-

1065 2504 107 31 brates
1207 2504 98 39 living
1342 2514 43 21 on
1422 2504 168 31 otherwise
1626 2504 236 39 mineral-poor
1896 2504 81 31 diets
2014 2504 64 39 (see

1065 2551 139 31 O’Brien
1239 2556 31 26 et
1306 2551 39 31 al.
1386 2551 101 38 1998).
1526 2551 183 39 Strangling
1744 2551 59 39 figs
1839 2551 68 31 also
1943 2551 135 39 provide

1065 2598 180 39 important
1265 2598 110 39 refuge
1396 2598 126 31 habitat
1543 2598 53 31 for
1616 2608 98 29 many
1735 2598 156 31 mammal
1912 2603 84 26 taxa.
2021 2599 56 30 Be-

1065 2655 95 21 cause
1185 2645 38 31 of
1243 2645 53 31 the
1320 2655 129 29 canopy
1472 2645 217 39 germination
1713 2645 91 31 habit
1828 2645 39 31 of
1886 2655 99 29 many
2008 2645 69 39 figs,

1065 2693 182 39 protecting
1267 2693 103 39 larger
1390 2698 125 26 mature
1536 2693 195 31 individuals
1752 2703 137 29 appears
1909 2698 34 26 to
1965 2693 39 31 be
2024 2693 54 31 the

1066 2740 76 39 only
1161 2740 104 31 viable
1285 2740 228 31 conservation
1532 2750 146 21 measure
1698 2740 116 39 during
1833 2740 109 39 felling
1963 2740 115 39 (Johns
