2082 2759
54 9 65 17 man
133 1 123 25 conflicts
271 0 54 26 and
340 0 175 26 disturbance
529 1 92 25 effects
636 9 37 17 on
688 9 50 17 sun
752 1 65 25 bear
831 1 114 32 ecology
960 0 54 26 and

54 38 147 33 landscape
226 47 55 17 use.
308 39 141 25 Tentative
475 39 78 25 Final
579 40 105 31 Report
709 38 44 26 for
778 39 45 25 the
848 38 167 26 Indonesian

54 78 126 25 Institute
194 77 33 26 of
237 78 130 30 Sciences,
382 78 113 26 Jakarta

1 115 101 33 Augeri
125 117 27 24 D
176 116 91 32 (2004)
291 116 99 25 Effects
413 115 33 26 of
464 115 175 26 disturbance
662 124 36 17 on
720 116 134 32 Malayan
877 124 51 17 sun
950 116 65 25 bear

54 154 106 25 habitat
171 162 55 17 use.
239 155 87 31 Paper
337 153 142 33 presented
491 158 28 21 at
530 154 46 25 the
587 154 198 25 International
796 153 170 27 Conference
978 162 37 17 on

54 193 202 26 Conservation
271 193 116 30 Science,
402 192 174 33 Cambridge,
594 193 55 26 UK

2 231 91 25 Banks
109 232 21 24 E
146 231 91 32 (1931)
253 230 26 26 A
293 231 118 32 popular
425 235 118 21 account
559 230 33 26 of
603 231 45 25 the
663 231 144 25 mammals
823 230 33 26 of
867 231 117 25 Borneo.
1001 231 13 26 J

54 270 61 25 Mal
129 270 35 25 Br
177 269 40 26 As
231 270 53 26 Soc
297 270 78 26 9:137

2 308 121 25 Barrette
139 308 23 26 C
181 308 91 32 (1977)
291 308 82 26 Some
389 312 106 28 aspects
513 307 33 26 of
558 308 46 25 the
621 308 151 25 behaviour
790 307 32 26 of
835 307 135 33 muntjacs
987 308 28 25 in

54 346 133 32 Wilpattu
202 346 132 25 National
348 346 78 25 Park.
442 346 164 25 Mammalia
620 346 114 26 41:1-34

2 385 72 25 Beck
85 385 22 30 J,
121 385 113 26 Schulze
245 385 61 30 CH,
320 385 169 25 Linsenmair
502 385 58 30 KE,
574 384 105 26 Fiedler
691 385 27 25 K
731 385 91 32 (2002)
835 386 84 24 From
930 384 85 26 forest

54 427 29 21 to
101 422 145 26 farmland:
266 422 127 33 diversity
412 422 32 26 of
458 422 149 33 geometrid
626 423 92 25 moths
736 423 82 32 along
836 427 54 21 two
909 423 106 25 habitat

54 460 137 33 gradients
206 469 36 17 on
257 461 117 25 Borneo.
389 461 13 26 J
417 462 73 31 Trop
506 461 66 25 Ecol
589 461 124 26 18:33-51

2 500 115 25 Bennett
131 500 53 30 EL,
199 500 140 25 Dahaban
352 501 22 24 Z
389 500 91 32 (1995)
494 499 119 26 Wildlife
627 508 143 24 responses
783 504 29 21 to
827 499 188 26 disturbances

54 538 28 25 in
98 538 129 26 Sarawak
243 537 54 26 and
314 538 68 25 their
398 538 183 32 implications
597 537 43 26 for
656 537 84 26 forest
756 542 200 28 management.
973 539 40 24 In:

54 577 125 25 Primack
203 577 56 30 RB,
285 576 121 33 Lovejoy
428 578 46 24 TE
498 576 68 33 (eds)
591 577 129 32 Ecology,
745 577 192 25 conservation
960 576 54 26 and

54 619 192 28 management
266 614 32 26 of
314 615 146 26 Southeast
479 614 86 26 Asian
584 614 166 26 rainforests.
772 615 68 25 Yale
860 615 155 32 University

54 655 84 29 Press,
154 655 68 24 New
237 655 104 29 Haven,
357 662 37 24 pp
409 654 86 25 66-86

2 692 115 25 Bennett
137 692 52 30 EL,
210 692 104 26 Gumal
333 692 58 25 MT
411 692 91 32 (2001)
522 692 57 25 The
598 692 274 32 inter-relationships
892 691 33 26 of
940 700 74 17 com-

54 730 109 25 mercial
179 730 118 32 logging,
314 730 116 32 hunting
446 729 54 26 and
517 729 109 26 wildlife
642 730 27 25 in
686 730 137 30 Sarawak,
840 729 54 26 and
911 738 103 17 recom-

54 768 174 26 mendations
243 768 43 26 for
301 768 84 26 forest
400 773 200 28 management.
616 770 39 24 In:
673 769 104 25 Fimbel
793 768 60 31 RA,
869 768 96 33 Grajal
979 768 34 31 A,

55 807 146 25 Robinson
222 807 43 26 JG
286 806 69 33 (eds)
377 807 57 25 The
454 807 104 32 cutting
579 806 74 33 edge:
676 807 161 32 conserving
857 806 110 26 wildlife
987 807 28 25 in

54 844 97 33 logged
167 845 116 32 tropical
298 844 92 26 forest.
407 845 148 26 Columbia
573 845 154 32 University
742 846 84 29 Press,
844 846 68 24 New
927 845 86 30 York,

54 892 37 24 pp
106 884 122 26 359-374

2 922 115 25 Bennett
135 922 52 30 EL,
207 922 146 25 Robinson
370 922 43 26 JG
431 922 91 32 (2000)
541 922 124 32 Hunting
683 921 33 26 of
729 921 109 26 wildlife
855 922 27 25 in
899 922 116 32 tropical

54 960 106 26 forests.
180 961 188 32 Implications
386 960 43 26 for
448 960 176 33 biodiversity
642 960 54 26 and
716 960 84 26 forest
818 961 119 32 peoples.
958 961 57 25 The

54 998 95 26 World
165 999 85 30 Bank,
266 999 182 32 Washington
462 999 52 26 DC

2 1037 115 25 Bennett
134 1037 53 30 EL,
205 1036 237 27 Milner-Gulland
461 1037 44 30 EJ,
525 1037 103 25 Bakarr
645 1037 41 30 M,
706 1038 68 24 Eves
791 1038 58 29 HE,
869 1037 146 25 Robinson

54 1076 51 30 JG,
117 1076 98 25 Wilkie
225 1076 46 26 DS
283 1076 91 32 (2002)
386 1076 125 32 Hunting
521 1076 46 25 the
577 1075 109 26 world’s
697 1075 109 26 wildlife
816 1080 29 21 to
856 1076 157 25 extinction.

54 1114 75 32 Oryx
143 1114 166 26 36:328-329

2 1152 115 25 Bennett
133 1152 52 30 EL,
203 1152 90 32 Nyaoi
309 1151 49 31 AJ,
375 1151 124 33 Sompud
515 1152 13 26 J
545 1152 90 32 (2000)
652 1152 100 32 Saving
768 1152 132 25 Borneo’s
915 1152 98 25 bacon:

54 1191 45 25 the
115 1191 199 32 sustainability
331 1190 32 26 of
374 1191 116 32 hunting
506 1191 27 25 in
549 1191 129 26 Sarawak
694 1190 54 26 and
765 1191 100 26 Sabah.
882 1192 39 24 In:
939 1191 75 25 Rob-

54 1229 80 25 inson
145 1229 51 30 JG,
210 1229 114 25 Bennett
336 1229 45 25 EL
393 1228 55 33 (ed)
461 1229 124 32 Hunting
596 1228 43 26 for
651 1229 199 32 sustainability
861 1229 27 25 in
899 1229 116 32 tropical

54 1267 106 26 forests.
175 1268 149 26 Columbia
340 1268 154 32 University
508 1269 84 29 Press,
608 1269 68 24 New
691 1268 85 30 York,
791 1276 37 24 pp
843 1268 122 26 305-324

2 1305 120 26 Bernard
138 1307 26 24 H
180 1306 91 32 (2004)
288 1306 99 25 Effects
403 1305 32 26 of
447 1306 122 25 selective
583 1306 110 32 logging
709 1314 37 17 on
760 1306 255 25 microhabitat-use

54 1348 122 28 patterns
194 1343 32 26 of
239 1344 165 25 non-volant
422 1344 77 25 small
516 1344 145 25 mammals
678 1344 27 25 in
722 1352 16 17 a
756 1344 127 25 Bornean
899 1344 116 32 tropical

54 1382 119 26 lowland
187 1382 277 33 mixed-dipterocarp
479 1382 92 26 forest.
587 1384 56 24 Nat
658 1384 76 24 Hum
747 1382 141 26 Activities
902 1383 92 25 8:1—-11

2 1421 138 25 Blockhus
151 1421 57 30 JM,
221 1421 162 25 Dillenbeck
395 1420 48 31 JA,
458 1421 81 32 Sayer
551 1420 33 31 A,
597 1421 100 32 Wegge
709 1422 20 24 P
741 1421 91 32 (1992)
844 1421 171 32 Conserving

54 1460 147 32 biological
216 1459 127 33 diversity
359 1460 27 25 in
402 1459 135 33 managed
553 1460 115 32 tropical
684 1459 106 26 forests.
807 1460 93 26 IUCN
919 1461 96 24 Forest

54 1498 202 26 Conservation
270 1498 284 33 Programme/ITTO,
569 1497 94 27 Gland

2 1535 234 33 Bradley-Martin
250 1537 21 24 E
285 1536 91 32 (1989)
390 1536 58 25 The
460 1536 80 25 rhino
554 1535 118 33 product
685 1535 76 26 trade
774 1536 28 25 in
815 1536 132 25 northern
960 1535 54 26 and

54 1579 114 21 western
182 1575 117 25 Borneo.
314 1574 169 33 Pachyderm
500 1575 125 26 12:38-41

2 1612 157 26 Brookfield
177 1614 26 24 H
220 1613 91 32 (1997)
329 1612 160 33 Landscape
505 1613 112 32 history.
636 1612 77 26 Land
729 1612 181 33 degradation
926 1613 28 25 in
969 1613 46 25 the

54 1651 167 26 Indonesian
235 1652 102 32 region.
354 1653 39 24 In:
411 1651 175 33 Boomgaard
601 1653 28 29 P,
646 1651 160 33 Colombijn
822 1653 28 29 F,
868 1652 104 32 Henley
987 1653 27 24 D

55 1689 69 33 (eds)
138 1691 87 31 Paper
238 1689 169 33 landscapes.
423 1690 194 32 Explorations
630 1690 28 25 in
672 1690 45 25 the
731 1690 217 25 environmental
962 1690 52 25 his-

54 1732 61 28 tory
130 1727 32 26 of
172 1727 155 26 Indonesia.
343 1728 112 25 KITLV
470 1729 84 29 Press,
570 1727 109 31 Leiden,
694 1736 37 24 pp
746 1728 87 26 27-60

1 1766 145 27 Caldecott
160 1767 13 26 J
189 1767 91 32 (1988)
296 1767 125 32 Hunting
435 1766 54 26 and
504 1766 109 26 wildlife
627 1771 192 28 management
834 1767 27 25 in
876 1767 137 26 Sarawak.

54 1805 104 30 IUCN,
173 1804 93 27 Gland

1 1843 100 32 Chung
115 1842 86 31 AYC,
218 1843 132 32 Eggleton
364 1844 28 29 P,
408 1843 111 32 Speight
533 1843 68 30 MR,
618 1842 160 26 Hammond
793 1843 63 30 PM,
871 1843 77 32 Chey
962 1843 53 25 VK

55 1882 91 32 (2000)
163 1882 57 25 The
236 1881 127 33 diversity
380 1881 33 26 of
424 1882 86 25 beetle
526 1882 182 32 assemblages
724 1882 28 25 in
767 1881 126 26 different
908 1882 107 25 habitat

54 1924 77 28 types
144 1920 28 25 in
186 1920 100 30 Sabah,
301 1920 145 32 Malaysia.
463 1920 59 25 Bull
537 1920 131 25 Entomol
682 1921 54 24 Res
750 1920 167 26 90:475—496

1 1959 98 32 Cleary
111 1960 79 24 DFR
203 1959 91 32 (2004)
307 1958 143 33 Assessing
462 1959 46 25 the
520 1967 47 17 use
580 1958 33 26 of
621 1959 149 25 butterflies
782 1967 30 17 as
824 1958 149 26 indicators
986 1958 33 26 of

54 1997 110 32 logging
180 1997 27 25 in
224 1997 108 25 Borneo
348 2001 28 21 at
392 1997 74 25 three
482 1997 159 25 taxonomic
656 1997 88 25 levels.
762 1997 13 26 J
792 1998 76 24 Econ
884 1997 131 25 Entomol

54 2035 167 26 97:429-435

1 2072 92 28 Colon
107 2074 46 26 CP
167 2074 91 32 (1999)
275 2074 120 32 Ecology
410 2073 33 26 of
453 2074 46 25 the
512 2074 97 32 Malay
623 2074 68 25 civet
707 2074 120 32 (Viverra
843 2074 171 32 tangalunga)

54 2112 28 25 in
104 2120 16 17 a
142 2111 97 33 logged
262 2111 55 26 and
340 2111 136 33 unlogged
499 2111 85 26 forest
606 2112 28 25 in
657 2112 99 30 Sabah,
781 2113 64 24 East
868 2112 145 32 Malaysia.

55 2149 141 26 Fordham
211 2150 154 32 University
379 2151 84 29 Press,
480 2151 67 24 New
562 2150 77 25 York

1 2189 108 26 Curran
122 2189 64 30 LM,
200 2189 81 32 Trigg
294 2189 54 30 SN,
362 2188 164 26 McDonald
539 2188 62 31 AK,
616 2188 106 26 Astiani
736 2190 35 29 D,
786 2188 145 26 Hardiono
945 2189 68 30 YM,

55 2227 105 32 Siregar
171 2228 27 29 P,
211 2227 125 32 Caniago
348 2228 20 29 I,
382 2227 151 25 Kasischke
545 2228 21 24 E
578 2227 91 32 (2004)
682 2226 132 26 Lowland
826 2226 84 26 forest
921 2227 55 25 loss
987 2227 28 25 in

54 2265 140 33 protected
209 2274 76 17 areas
300 2265 32 26 of
342 2265 167 26 Indonesian
523 2266 117 25 Borneo.
657 2266 108 26 Science
779 2266 218 26 303:1000-1003

1 2304 140 25 Dahaban
157 2305 29 29 Z,
205 2303 109 26 Nordin
330 2304 41 30 M,
391 2304 114 25 Bennett
523 2304 44 25 EL
584 2304 91 32 (1996)
693 2303 160 26 Immediate
869 2304 92 25 effects
978 2312 37 17 on

54 2342 109 26 wildlife
179 2342 33 26 of
224 2343 122 25 selective
361 2343 110 32 logging
486 2343 28 25 in
529 2351 16 17 a
560 2343 47 25 hill
622 2342 173 33 dipterocarp
811 2342 85 26 forest
911 2343 27 25 in
955 2343 59 26 Sar-

54 2381 87 25 awak:
156 2381 152 25 mammals.
324 2381 110 32 Monog
449 2381 60 25 Biol
523 2381 167 26 74:341—346

1 2419 102 25 Davies
115 2419 36 30 G,
166 2418 119 33 Heydon
298 2419 41 30 M,
354 2418 250 26 Leader-Williams
617 2420 35 29 N,
666 2419 184 25 MacKinnon
863 2419 21 30 J,
900 2419 115 32 Newing

55 2459 26 24 H
94 2458 91 32 (2001)
198 2458 58 25 The
267 2458 92 25 effects
372 2457 33 26 of
413 2458 110 32 logging
536 2466 37 17 on
585 2458 115 32 tropical
712 2457 85 26 forest
809 2458 151 32 ungulates.
973 2459 40 24 In:

55 2496 105 25 Fimbel
179 2495 59 31 RA,
258 2495 97 33 Grajal
372 2495 34 31 A,
427 2496 146 25 Robinson
591 2496 43 26 JG
653 2495 69 33 (eds)
741 2496 57 25 The
816 2496 104 32 cutting
938 2495 75 33 edge:

54 2534 161 32 conserving
234 2533 110 26 wildlife
363 2534 28 25 in
411 2533 97 33 logged
528 2534 116 32 tropical
664 2533 92 26 forest.
778 2534 148 26 Columbia
948 2534 65 26 Uni-

54 2573 98 32 versity
166 2574 84 29 Press,
266 2574 68 24 New
348 2573 78 25 York

1 2612 93 24 DFID
110 2611 91 32 (1999)
216 2610 155 26 Indonesia.
387 2610 132 26 Towards
534 2611 166 25 sustainable
714 2610 85 26 forest
813 2615 200 28 management.

55 2650 78 25 Final
147 2654 92 28 report
255 2649 33 26 of
298 2650 46 25 the
359 2650 89 25 senior
463 2654 192 28 management
670 2649 128 33 advisory
812 2654 74 21 team
900 2649 54 26 and
969 2650 46 25 the

54 2688 151 32 provincial
220 2688 67 25 level
302 2687 84 26 forest
402 2692 192 28 management
609 2687 112 33 project,
738 2688 53 25 vol.
809 2688 24 25 2.
850 2689 93 24 DFID
960 2687 54 26 and

54 2726 129 32 Ministry
198 2725 32 26 of
241 2727 135 31 Forestry,
391 2725 155 31 Indonesia,
561 2726 120 30 Jakarta,
697 2734 36 24 pp
749 2726 48 26 303

1064 1 72 25 Duff
1146 0 57 31 AB,
1220 1 64 25 Hall
1298 0 60 31 RA,
1374 1 98 25 Marsh
1486 1 58 26 CW
1559 1 91 32 (1984)
1665 0 26 26 A
1706 9 95 24 survey
1816 0 32 26 of
1858 0 109 26 wildlife
1981 1 28 25 in
2023 0 54 26 and

1117 38 107 26 around
1247 39 174 25 commercial
1442 43 55 21 tree
1519 39 155 32 plantation
1696 39 28 25 in
1746 39 100 26 Sabah.
1869 39 61 25 Mal
1953 40 125 24 Forester

1117 78 166 26 47:197-213

1065 116 79 32 Eeley
1161 115 87 31 HAC,
1266 116 84 32 Foley
1366 115 53 26 RA
1435 116 91 32 (1999)
1544 116 106 32 Species
1665 116 127 30 richness,
1811 116 100 32 species
1927 124 83 24 range
2026 116 52 25 size

1117 153 54 26 and
1195 154 149 32 ecological
1368 154 200 32 specialisation
1591 162 102 24 among
1716 153 114 26 African
1853 154 137 32 primates:
2015 162 62 24 geo-

1117 193 139 32 graphical
1267 197 122 28 patterns
1399 192 55 26 and
1466 193 192 25 conservation
1668 193 192 32 implications.
1874 192 68 26 Biod
1954 193 124 26 Conserv

1118 231 184 26 8:1033-1056

1065 270 133 32 Eggleton
1222 271 27 29 P,
1277 270 166 25 Homathevi
1470 271 32 29 R,
1528 270 81 26 Jeeva
1633 271 35 29 D,
1695 270 82 26 Jones
1802 271 59 29 DT,
1887 270 102 25 Davies
2014 270 62 30 RG,

1117 308 121 32 Maryati
1259 308 32 25 M
1314 308 91 32 (1997)
1427 308 57 25 The
1505 308 101 32 species
1626 308 119 25 richness
1766 307 54 26 and
1842 308 185 32 composition
2049 307 33 26 of

1117 346 119 25 termites
1255 346 146 32 (Isoptera)
1420 346 27 25 in
1466 346 119 32 primary
1603 345 55 26 and
1677 346 186 32 regenerating
1881 345 119 26 lowland
2019 345 58 33 dip-

1117 389 125 28 terocarp
1256 384 84 26 forest
1354 385 27 25 in
1396 385 99 30 Sabah,
1511 386 65 24 East
1589 385 145 32 Malaysia.
1750 385 164 32 Ecotropica
1929 385 148 26 3:119-128

1065 424 132 24 Emmons
1209 423 50 25 LH
1271 423 91 32 (1995)
1374 423 151 25 Mammals
1537 422 33 26 of
1577 423 59 25 rain
1646 422 85 26 forest
1742 423 137 32 canopies.
1892 424 39 24 In:
1945 423 133 25 Lowman

1117 461 70 30 MD,
1201 460 143 26 Nadkarni
1357 461 60 25 NM
1430 460 69 33 (eds)
1511 462 96 24 Forest
1617 461 137 32 canopies.
1767 460 148 26 Academic
1926 462 84 29 Press,
2023 461 55 26 San

1117 500 98 32 Diego,
1230 508 37 24 pp
1285 500 117 26 199-223

1065 539 132 24 Emmons
1214 538 50 25 LH
1282 538 91 32 (2000)
1390 538 96 32 Tupai.
1504 537 26 26 A
1546 537 62 26 field
1626 537 80 33 study
1723 537 32 26 of
1769 538 127 25 Bornean
1912 538 164 25 treeshrews.

1119 577 154 32 University
1288 576 33 26 of
1330 576 153 27 California
1497 578 84 29 Press,
1597 577 129 32 Berkeley

1065 615 97 25 Felton
1173 614 68 31 AM,
1255 616 147 31 Engstrom
1413 615 64 30 LM,
1491 615 97 25 Felton
1599 614 34 31 A,
1646 615 90 25 Knott
1747 615 52 26 CD
1812 615 91 32 (2003)
1914 615 164 32 Orangutan

1117 654 165 32 population
1303 653 113 33 density,
1440 653 84 26 forest
1546 658 133 21 structure
1700 653 54 26 and
1776 653 65 26 fruit
1862 654 167 32 availability
2050 654 28 25 in

1117 691 186 33 hand-logged
1321 691 54 26 and
1393 691 137 33 unlogged
1548 696 63 28 peat
1629 700 102 24 swamp
1749 691 99 26 forests
1865 692 28 25 in
1910 692 74 25 West
2002 692 74 25 Kali-

1117 734 122 26 mantan,
1254 729 155 26 Indonesia.
1425 730 60 25 Biol
1499 730 77 26 Cons
1593 730 160 26 114:91-101

1065 769 104 25 Fimbel
1192 768 60 31 RA,
1275 768 96 33 Grajal
1393 768 33 31 A,
1450 769 147 25 Robinson
1618 769 43 26 JG
1684 769 91 32 (2001)
1797 769 57 25 The
1876 769 104 32 cutting
2001 768 75 33 edge:

1117 807 161 32 conserving
1297 806 110 26 wildlife
1426 807 28 25 in
1474 806 97 33 logged
1591 807 116 32 tropical
1727 806 92 26 forest.
1841 807 148 26 Columbia
2011 807 65 26 Uni-

1117 845 98 32 versity
1229 846 84 29 Press,
1329 846 68 24 New
1411 845 78 25 York

1065 885 122 31 Fragoso
1204 884 31 30 C,
1254 884 107 25 Lavelle
1377 885 20 24 P
1413 884 91 32 (1992)
1522 884 172 25 Earthworm
1710 884 191 25 communities
1918 883 32 26 of
1962 884 116 32 tropical

1117 921 166 26 rainforests.
1300 922 56 26 Soil
1370 922 60 25 Biol
1445 922 130 25 Biochem
1588 922 203 26 24:1397—1408

1065 960 179 26 Fredriksson
1258 961 28 26 G
1301 961 91 32 (2001)
1408 961 99 25 Effects
1522 960 33 26 of
1565 960 84 26 forest
1663 961 61 25 fires
1739 969 37 17 on
1791 969 50 17 sun
1856 961 64 25 bear
1934 969 143 17 conserva-

1117 999 59 25 tion
1188 999 27 25 in
1228 1000 64 24 East
1305 999 179 25 Kalimantan
1497 998 177 33 (Indonesian
1687 999 129 32 Borneo).
1829 1000 94 24 Poster
1935 998 142 33 presented

1117 1041 28 21 at
1162 1037 45 25 the
1223 1037 159 25 Thirteenth
1399 1037 198 25 International
1614 1036 170 27 Conference
1802 1045 36 17 on
1856 1037 68 25 Bear
1942 1037 136 25 Research

1117 1075 54 26 and
1186 1076 205 32 Management,
1407 1076 127 30 Jackson,
1550 1076 147 32 Wyoming

1065 1113 179 26 Fredriksson
1258 1114 71 30 GM,
1345 1114 78 25 Wich
1438 1113 52 31 SA,
1506 1114 98 25 Trisno
1620 1114 91 32 (2006)
1727 1114 151 32 Frugivory
1892 1114 27 25 in
1935 1122 50 17 sun
1999 1114 79 25 bears

1118 1152 154 32 (Helarctos
1284 1152 167 33 malayanus)
1465 1151 91 26 linked
1569 1156 29 21 to
1613 1152 30 25 El
1657 1151 190 26 Nifio-related
1861 1152 176 25 fluctuations
2050 1152 28 25 in

1117 1190 65 26 fruit
1192 1191 167 32 availability
1369 1191 27 25 in
1408 1192 64 24 East
1483 1191 187 30 Kalimantan,
1682 1190 155 26 Indonesia.
1850 1191 60 25 Biol
1920 1191 13 26 J
1945 1191 69 25 Linn
2026 1191 52 26 Soc

1118 1229 166 26 89:489-508

1065 1268 147 25 Frumhoff
1226 1268 44 26 PC
1288 1268 91 32 (1995)
1397 1268 170 32 Conserving
1584 1267 109 26 wildlife
1710 1268 28 25 in
1754 1268 116 32 tropical
1886 1267 98 26 forests
2001 1276 76 17 man-

1117 1305 68 33 aged
1201 1305 43 26 for
1259 1306 98 25 timber
1372 1310 29 21 to
1417 1305 114 33 provide
1546 1314 16 17 a
1577 1314 76 17 more
1668 1306 88 25 viable
1771 1306 184 32 complement
1970 1310 29 21 to
2015 1314 62 24 pro-

1117 1343 87 26 tected
1219 1352 84 17 areas.
1320 1344 161 26 BioScience
1494 1344 168 26 45:456—464

1065 1383 65 26 FSC
1152 1383 91 32 (2004)
1266 1384 95 24 Forest
1383 1382 182 33 Stewardship
1587 1383 125 26 Council.
1734 1383 92 32 Policy
1847 1382 54 26 and
1924 1382 152 26 standards.

1117 1420 857 34 http://www.fsc.org/fsc/how_fsc_works/policy_standards.
1997 1420 80 27 Cited

1121 1460 30 25 14
1164 1459 108 33 August
1286 1460 69 26 2004

1065 1498 89 25 Fuller
1173 1498 63 30 DO,
1257 1498 95 32 Jessup
1372 1498 55 30 TC,
1450 1498 83 26 Salim
1552 1497 26 26 A
1598 1498 91 32 (2003)
1710 1498 68 25 Loss
1799 1497 32 26 of
1847 1497 84 26 forest
1950 1506 81 17 cover
2050 1498 28 25 in

1118 1536 187 30 Kalimantan,
1321 1535 154 31 Indonesia,
1492 1536 72 25 since
1578 1536 45 25 the
1641 1536 153 25 1997-1998
1810 1536 30 25 El
1855 1536 83 25 Nifio.
1954 1536 124 26 Conserv

1118 1575 60 25 Biol
1195 1575 164 26 18:249-254

1064 1612 118 27 Gordon
1197 1613 64 30 WF,
1279 1613 104 25 Vinson
1400 1613 47 30 SB,
1466 1614 153 24 Newstrom
1636 1613 51 30 LE,
1706 1613 116 25 Barthell
1838 1613 44 30 JF,
1901 1613 92 25 Haber
2008 1612 68 31 WA,

1118 1652 115 25 Frankie
1249 1652 43 26 JK
1309 1652 89 32 (1990)
1415 1652 77 25 Plant
1508 1652 162 32 phenology,
1687 1652 162 32 pollination
1864 1652 119 32 ecology,
2001 1652 76 32 polli-

1117 1694 79 21 nator
1210 1690 149 25 behaviour
1373 1689 54 26 and
1441 1690 189 25 conservation
1645 1689 32 26 of
1687 1690 159 32 pollinators
1860 1690 28 25 in
1902 1690 176 32 Neotropical

1117 1727 49 33 dry
1175 1727 90 26 forest.
1276 1729 38 24 In:
1327 1728 81 25 Bawa
1418 1728 53 30 KS,
1483 1727 105 33 Hadley
1597 1728 32 25 M
1641 1727 68 33 (eds)
1720 1727 198 33 Reproductive
1928 1728 111 32 ecology
2049 1727 33 26 of

1117 1767 113 32 tropical
1242 1766 83 26 forest
1337 1767 96 32 plants.
1447 1766 83 26 MAB
1544 1767 77 25 series
1634 1768 23 24 7.
1672 1767 157 30 UNESCO,
1843 1767 80 30 Paris,
1937 1775 36 24 pp
1987 1767 84 26 37-48

1065 1806 138 24 Harcourt
1215 1804 62 31 AH,
1291 1805 129 32 Coppeto
1433 1804 52 31 SA,
1499 1805 84 25 Parks
1596 1804 45 27 SA
1653 1805 91 32 (2002)
1758 1805 103 32 Rarity,
1875 1805 203 32 specialization

1117 1842 54 26 and
1186 1843 149 25 extinction
1348 1843 28 25 in
1389 1843 137 32 primates.
1542 1843 13 26 J
1570 1843 135 32 Biogeogr
1718 1843 168 26 29:445-456

1065 1881 119 33 Heydon
1201 1882 48 26 MJ
1269 1882 91 32 (1994)
1379 1882 57 25 The
1454 1882 114 32 ecology
1586 1881 54 26 and
1659 1886 192 28 management
1870 1881 32 26 of
1916 1882 60 25 rain
1993 1881 85 26 forest

1117 1920 143 32 ungulates
1281 1920 27 25 in
1330 1920 99 30 Sabah,
1452 1920 145 32 Malaysia:
1620 1920 183 32 implications
1825 1919 33 26 of
1874 1919 85 26 forest
1980 1919 97 26 distur-

1117 1959 94 25 bance.
1233 1959 78 25 Final
1330 1963 93 28 report
1442 1963 29 21 to
1491 1958 199 34 ODA/NERC
1710 1958 104 33 project
1835 1959 241 33 F3CR26/G1/05.

1117 1997 126 25 Institute
1261 1996 33 26 of
1308 1997 127 32 Tropical
1454 1997 123 32 Biology,
1599 1997 154 32 University
1772 1996 33 26 of
1819 1996 153 31 Aberdeen,
1991 1996 86 26 Aber-

1117 2034 69 26 deen

1065 2073 119 33 Heydon
1200 2074 57 30 MJ,
1276 2074 99 25 Bulloh
1391 2075 20 24 P
1428 2074 91 32 (1996)
1537 2074 57 25 The
1610 2074 102 32 impact
1729 2073 33 26 of
1776 2074 122 25 selective
1914 2074 110 32 logging
2041 2082 37 17 on

1118 2112 146 32 sympatric
1278 2112 68 25 civet
1361 2112 100 32 species
1475 2112 27 25 in
1517 2112 117 25 Borneo.
1649 2112 75 32 Oryx
1738 2112 132 26 30:31—36

1065 2149 117 33 Heydon
1202 2150 56 30 MJ,
1282 2150 97 25 Bulloh
1399 2151 20 24 P
1441 2150 89 32 (1997)
1552 2149 163 26 Mousedeer
1736 2149 124 26 densities
1880 2150 28 25 in
1928 2158 16 17 a
1965 2150 113 32 tropical

1117 2188 149 26 rainforest:
1277 2189 45 25 the
1331 2189 100 32 impact
1441 2188 32 26 of
1479 2189 119 25 selective
1607 2189 115 32 logging.
1733 2189 13 26 J
1756 2188 74 33 App!
1840 2189 65 25 Ecol
1914 2189 164 26 34:484-496

1065 2227 55 25 Hill
1135 2227 51 30 Jk,
1203 2228 103 24 Hamer
1322 2227 27 25 K
1364 2227 90 32 (2004)
1470 2227 190 32 Determining
1674 2227 116 32 impacts
1805 2226 33 26 of
1849 2227 106 25 habitat
1970 2226 106 26 modifi-

1117 2266 92 25 cation
1225 2274 37 17 on
1276 2265 128 33 diversity
1420 2265 32 26 of
1463 2266 116 32 tropical
1594 2265 84 26 forest
1693 2265 93 26 fauna:
1803 2266 45 25 the
1863 2266 170 32 importance
2049 2265 33 26 of

1118 2304 97 32 spatial
1230 2304 77 25 scale.
1322 2304 13 26 J
1350 2303 74 33 Appl
1439 2304 65 25 Ecol
1518 2304 168 26 41:744-754

1065 2344 107 24 Hunter
1191 2343 72 26 MLJ
1285 2343 91 32 (1990)
1397 2342 126 31 Wildlife,
1545 2342 98 26 forests
1663 2342 55 26 and
1738 2342 124 33 forestry:
1884 2343 144 32 principles
2049 2342 33 26 of

1117 2381 147 32 managing
1278 2380 98 26 forests
1390 2380 43 26 for
1447 2381 147 32 biological
1608 2380 135 33 diversity.
1758 2381 122 25 Prentice
1895 2381 71 30 Hall,
1982 2381 95 32 Engle-

1117 2418 82 26 wood
1213 2419 78 26 Cliffs

1064 2458 102 32 Jepson
1177 2459 28 29 P,
1218 2458 149 32 Momberg
1379 2459 29 29 F,
1421 2466 54 17 van
1487 2457 98 26 Noord
1599 2459 26 24 H
1638 2458 90 32 (2002)
1741 2457 26 26 A
1778 2458 96 25 review
1887 2457 32 26 of
1927 2457 109 33 efficacy
2049 2457 33 26 of

1117 2496 45 25 the
1180 2495 140 33 protected
1338 2504 63 17 area
1419 2500 100 28 system
1536 2495 33 26 of
1583 2497 65 24 East
1666 2496 179 25 Kalimantan
1863 2496 138 25 Province.
2022 2497 56 24 Nat

1117 2533 86 26 Areas
1217 2534 13 26 J
1244 2534 131 25 22:28-42

1064 2573 86 26 Johns
1165 2572 54 26 AD
1236 2573 91 32 (1983)
1344 2573 156 32 Ecological
1515 2573 92 25 effects
1623 2572 32 26 of
1668 2573 122 25 selective
1804 2573 110 32 logging
1930 2573 27 25 in
1972 2581 16 17 a
2003 2573 74 25 West

1117 2611 157 32 Malaysian
1287 2611 60 25 rain
1360 2610 92 26 forest.
1470 2611 154 32 University
1639 2610 32 26 of
1681 2610 174 33 Cambridge,
1871 2610 167 33 Cambridge

1064 2650 86 26 Johns
1165 2649 55 26 AD
1236 2650 91 32 (1987)
1343 2650 58 25 The
1416 2658 47 17 use
1479 2649 33 26 of
1523 2650 120 32 primary
1658 2649 54 26 and
1729 2650 149 32 selectively
1894 2649 97 33 logged
2007 2650 70 25 rain-

1117 2687 84 26 forest
1219 2688 36 32 by
1273 2688 157 32 Malaysian
1448 2688 133 25 hornbills
1600 2687 202 33 (Bucerotidae)
1821 2687 54 26 and
1894 2688 184 32 implications

1117 2725 43 26 for
1174 2726 68 25 their
1256 2726 200 25 conservation.
1472 2726 60 25 Biol
1546 2726 76 26 Cons
1636 2726 168 26 40:179-190
