2080 2780
2 2 83 25 Table
100 1 12 25 1
135 1 161 32 Non-flying
311 1 134 32 squirrels,
460 0 55 26 and
529 1 69 25 their
611 9 130 24 response
754 5 29 21 to
797 1 110 32 logging

623 1117 85 26 Feeds
723 1126 36 17 on
773 1117 78 26 fruits
865 1117 54 26 and
935 1117 75 26 seeds

1635 1118 115 25 Bennett
1764 1117 54 26 and
1833 1118 139 25 Dahaban
1987 1118 91 32 (1995)

3 73 106 41 Species
432 72 77 42 Body
623 77 156 32 Ecological
793 77 190 25 stratification
1377 77 115 32 Density
1506 76 78 26 trend
1635 76 161 26 References

432 115 51 25 size
498 115 57 32 (kg)
1377 114 69 26 after
1459 115 110 32 logging

3 197 100 32 Ratufa
116 197 86 33 affinis
448 193 106 41 0.9-1.5
622 197 126 32 Canopy.
764 196 86 26 Feeds
864 205 37 17 on
915 196 76 26 seeds
1370 186 24 48 tT
1634 197 87 26 Johns
1735 197 91 32 (1997)

1378 228 18 32 L
1634 235 140 25 Dahaban
1787 239 26 21 et
1827 235 33 25 al.
1876 235 91 32 (1996)

1378 267 18 32 L
1635 274 115 25 Bennett
1764 273 54 26 and
1833 274 139 25 Dahaban
1987 274 91 32 (1995)

3 312 100 32 Ratufa
116 312 100 26 bicolor
448 308 106 41 0.9-1.5
622 312 126 32 Canopy.
764 311 86 26 Feeds
864 320 37 17 on
914 311 79 26 fruits
1006 311 55 26 and
1075 316 63 21 nuts
1378 305 18 32 L
1634 312 87 26 Johns
1735 312 91 32 (1997)

4 351 178 26 Callosciurus
196 356 106 21 notatus
431 351 140 26 0.15-0.28
622 350 107 26 Middle
744 350 32 26 of
786 359 116 24 canopy.
919 350 85 26 Feeds
1018 359 37 17 on
1069 350 78 26 fruits
1161 350 54 26 and
1229 351 98 25 insects
1378 344 18 32 T
1634 351 87 26 Johns
1735 351 91 32 (1997)

1370 378 24 47 tT
1634 389 140 25 Dahaban
1787 393 26 21 et
1827 389 33 25 al.
1876 389 91 32 (1996)

1378 420 18 32 L
1635 427 133 32 Syakirah
1781 431 26 21 et
1821 427 33 25 al.
1871 427 90 32 (2000)

1378 459 18 32 L
1635 465 113 26 Yasuda
1762 470 25 21 et
1801 466 33 25 al.
1851 466 91 32 (2003)

4 504 178 26 Callosciurus
193 506 127 31 prevostii
431 504 141 26 0.25-0.50
622 504 126 32 Canopy.
764 503 86 26 Feeds
864 512 37 17 on
914 503 79 26 fruits
1006 503 55 26 and
1075 504 98 25 insects
1370 493 24 48 tT
1634 504 87 26 Johns
1735 504 91 32 (1997)

4 543 178 26 Callosciurus
197 545 120 31 caniceps
431 543 141 26 0.25-0.50
622 542 107 26 Middle
744 542 32 26 of
786 551 116 24 canopy.
919 542 85 26 Feeds
1018 551 37 17 on
1069 542 78 26 fruits
1161 542 54 26 and
1229 543 98 25 insects
1378 536 18 32 T
1635 542 121 26 Laidlaw
1771 543 91 32 (2000)

4 581 178 26 Callosciurus
196 583 184 30 nigrovittatus
431 581 141 26 0.15-0.40
622 580 107 26 Middle
744 580 32 26 of
786 589 116 24 canopy.
919 580 85 26 Feeds
1018 589 37 17 on
1069 580 78 26 fruits
1161 580 54 26 and
1229 581 98 25 insects
1376 596 18 2 —
1635 580 121 26 Laidlaw
1771 581 91 32 (2000)

3 619 187 26 Rhinosciurus
205 619 176 26 laticaudatus
431 619 141 26 0.18-0.26
622 619 164 25 Terrestrial.
803 618 85 26 Feeds
902 619 99 32 mostly
1016 627 37 17 on
1066 619 98 25 insects
1378 612 18 32 L
1635 618 121 26 Laidlaw
1771 619 91 32 (2000)

1378 651 18 32 L
1635 657 113 26 Yasuda
1762 662 25 21 et
1801 658 33 25 al.
1851 658 91 32 (2003)

2 697 123 25 Lariscus
139 696 74 26 hosei
431 696 140 26 0.15-0.22
622 696 164 25 Terrestrial.
803 695 85 26 Feeds
903 704 36 17 on
953 695 78 26 fruits
1045 695 54 26 and
1114 700 84 21 roots.
1378 689 18 32 L
1634 696 140 25 Dahaban
1787 700 26 21 et
1827 696 33 25 al.
1876 696 91 32 (1996)

2 736 123 25 Lariscus
140 737 107 30 insignis
431 735 139 26 0.12-0.23
622 735 164 25 Terrestrial.
802 734 95 26 Mixed
911 734 55 26 diet
981 734 32 26 of
1023 735 77 30 bark,
1115 734 86 31 fruits,
1378 728 18 32 L
1634 735 87 26 Johns
1735 735 91 32 (1997)

640 773 95 30 leaves,
751 772 54 26 and
820 773 98 25 insects
1378 766 18 32 L
1635 772 113 26 Yasuda
1762 777 25 21 et
1801 773 33 25 al.
1851 773 91 32 (2003)

3 811 191 26 Sundasciurus
208 811 124 33 hippurus
431 811 140 26 0.30-0.42
622 811 106 32 Mostly
741 811 153 30 terrestrial,
909 811 50 25 but
972 819 61 17 uses
1047 810 101 26 middle
1162 819 116 24 canopy.
1370 800 24 48 tT
1634 811 82 25 Wells
1731 811 91 32 (2002)

622 850 64 25 Diet
701 849 33 26 of
743 850 100 32 mostly
857 849 86 31 fruits,
960 858 75 17 some
1049 849 76 26 seeds
1138 849 55 26 and
1207 850 98 25 insects
1378 843 18 32 L
1635 849 121 26 Laidlaw
1771 850 91 32 (2000)

1378 881 18 32 L
1635 887 113 33 Rijksen
1762 888 91 32 (1978)

1378 919 18 32 L
1634 926 140 25 Dahaban
1787 930 26 21 et
1827 926 33 25 al.
1876 926 91 32 (1996)

3 965 191 26 Sundasciurus
209 965 68 26 lowii
431 965 140 26 0.06-0.12
622 965 108 32 Mainly
744 965 78 25 small
835 969 69 21 trees
917 964 54 26 and
986 965 152 25 terrestrial.
1370 954 24 48 tT
1634 965 82 25 Wells
1731 965 91 32 (2002)

623 1002 85 26 Feeds
723 1011 36 17 on
773 1002 86 31 fruits,
875 1003 97 25 insects
986 1002 54 26 and
1055 1002 76 33 fungi
1370 992 24 48 tT
1635 1003 115 25 Bennett
1764 1002 54 26 and
1833 1003 139 25 Dahaban
1987 1003 91 32 (1995)

1378 1035 18 32 L
1635 1041 113 26 Yasuda
1762 1046 25 21 et
1801 1042 33 25 al.
1851 1042 91 32 (2003)

3 1080 191 26 Sundasciurus
210 1082 82 24 tenuis
431 1076 120 41 0.06-0.1
622 1080 108 32 Mainly
744 1080 78 25 small
835 1084 69 21 trees
917 1079 55 26 and
986 1080 152 25 terrestrial.
1378 1073 18 70 t
1634 1080 87 26 Johns
1735 1080 91 32 (1997)

1378 1150 18 32 L

1635 1156 113 33 Rijksen
1762 1157 91 32 (1978)

3 1223 18 32 T
35 1231 124 24 Increase
170 1230 28 25 in
209 1229 106 33 density
327 1229 69 26 after
408 1230 118 32 logging,
540 1223 18 32 |
573 1229 125 26 decrease
710 1230 27 25 in
749 1229 106 33 density
868 1238 30 17 or
910 1230 96 25 absent
1018 1229 73 26 from
1103 1230 117 32 recently
1232 1229 97 33 logged
1342 1238 84 22 areas,
1439 1245 18 2 —
1470 1238 36 17 no
1519 1229 152 26 difference.
1685 1229 184 26 Information
1882 1238 36 17 on
1930 1230 149 32 ecological

3 1269 189 25 stratification
206 1277 55 17 was
275 1268 130 26 obtained
419 1268 74 26 from
507 1269 121 32 Lekagul
641 1268 55 26 and
710 1269 136 32 McNeely
861 1269 91 32 (1977)
967 1268 54 26 and
1036 1270 90 31 Payne
1140 1273 25 21 et
1179 1269 33 25 al.
1229 1269 90 32 (1985)

3 1371 111 31 Murid
132 1371 133 31 rodents

3 1465 126 31 Several
148 1465 120 31 studies
285 1465 81 31 have
383 1465 169 31 examined
570 1465 75 31 how
662 1465 131 39 logging
811 1465 110 31 affects
938 1465 76 31 den-

3 1513 84 31 sities
106 1513 39 31 of
159 1518 65 26 rats
243 1513 64 31 and
326 1513 80 31 mice
425 1513 32 30 in
476 1514 48 30 SE
542 1513 89 37 Asia,
651 1513 58 31 but
727 1513 54 31 the
799 1518 145 34 patterns
962 1523 53 21 are

2 1565 58 26 not
82 1560 193 31 conclusive.
300 1561 65 30 For
386 1560 157 39 example,
566 1565 64 26 two
654 1560 119 31 studies
795 1560 87 31 from
903 1560 111 39 penin-

3 1607 86 31 sular
111 1607 162 39 Malaysia
295 1607 104 31 found
423 1617 18 21 a
464 1607 213 39 significantly
699 1607 112 39 higher
832 1607 126 39 density
981 1607 38 31 of

2 1654 232 39 Leopoldamys
256 1654 137 31 sabanus
417 1654 153 39 (Jentink,
599 1654 179 38 1879)—an
802 1654 213 31 omnivorous

3 1702 119 39 species
137 1702 97 39 living
249 1702 32 30 in
295 1702 128 39 ground
439 1702 64 31 and
518 1702 99 31 lower
630 1702 184 39 vegetation
829 1702 95 31 levels
938 1702 77 31 with

3 1749 185 31 occasional
205 1749 110 39 forays
332 1754 34 26 to
384 1749 53 31 the
454 1749 206 39 canopy—in
677 1749 221 39 regenerating
915 1749 100 31 forest

2 1796 176 39 compared
193 1801 34 26 to
243 1796 142 39 primary
399 1796 100 31 forest
515 1796 148 39 (Yasuda
678 1801 30 26 et
723 1796 39 31 al.
779 1797 92 36 2003;
887 1796 127 31 Zubaid

3 1843 63 31 and
84 1843 115 30 Ariffin
220 1843 101 38 1997).
341 1843 207 39 Conversely,
566 1848 58 26 out
641 1843 38 31 of
695 1844 56 30 175
769 1843 195 31 individuals
981 1843 38 31 of

2 1893 35 28 L.
55 1891 137 31 sabanus
208 1891 119 39 caught
343 1891 43 39 by
401 1891 98 31 Wells
516 1891 120 39 (2005),
658 1892 55 30 103
732 1891 179 39 originated
929 1891 87 31 from

2 1938 142 39 primary
157 1938 111 37 forest,
283 1938 64 31 and
361 1938 53 31 the
428 1938 182 31 remainder
623 1938 86 31 from
723 1938 179 39 secondary
915 1938 100 31 forest

2 1985 77 31 with
95 1995 43 21 no
155 1985 187 31 differences
358 1985 33 30 in
408 1985 192 31 abundance
616 1985 27 30 if
656 1985 76 39 only
749 1985 98 39 single
863 1985 152 39 trapping

3 2032 138 31 sessions
158 2042 81 21 were
255 2032 187 39 compared.
461 2032 169 39 Similarly,
648 2032 136 31 Yasuda
800 2037 30 26 et
848 2032 38 31 al.
906 2032 108 39 (2003)

2 2080 104 31 found
125 2080 71 31 that
214 2085 64 26 two
298 2082 176 37 Maxomys
493 2080 130 39 species,
642 2082 49 28 M.
714 2080 184 31 whiteheadi
916 2080 98 39 (Tho-

2 2137 80 27 mas,
105 2127 92 38 1894)
216 2127 64 31 and
299 2129 49 28 M.
369 2127 87 39 rajah
475 2127 169 39 (Thomas,
667 2127 218 38 1894)—both
903 2132 111 26 terres-

2 2174 72 31 trial
91 2174 64 31 and
172 2174 245 37 insectivorous,
435 2174 59 31 but
510 2174 53 31 the
580 2174 94 31 latter
689 2174 77 31 with
782 2184 91 21 more
889 2174 77 31 fruit
983 2174 32 30 in

2 2221 53 31 the
78 2221 190 31 diet—were
292 2221 213 39 significantly
528 2231 90 21 more
640 2231 156 21 common
818 2221 33 30 in
873 2221 142 39 primary

2 2269 109 31 forest.
132 2270 65 30 For
213 2271 49 28 M.
282 2269 87 39 rajah
387 2269 63 30 this
467 2279 65 21 was
549 2269 178 31 confirmed
745 2269 42 39 by
804 2269 128 31 Zubaid
951 2269 63 31 and

2 2316 120 30 Arrifin
138 2316 119 39 (1997),
272 2316 59 31 but
345 2318 49 28 M.
412 2316 184 31 whiteheadi
609 2316 161 39 appeared
785 2321 34 26 to
834 2316 39 31 be
888 2316 127 39 slightly

2 2373 90 21 more
109 2373 156 21 common
282 2363 32 30 in
331 2363 166 31 disturbed
515 2363 101 31 forest
633 2363 185 39 (difference
835 2368 58 26 not
911 2363 103 31 statis-

2 2410 107 39 tically
136 2410 205 39 significant).
368 2410 99 31 Wells
494 2410 109 39 (2005)
631 2410 104 31 found
762 2420 44 21 no
834 2410 181 39 significant

2 2457 188 31 differences
219 2457 145 31 between
393 2457 150 39 catching
572 2457 114 31 results
716 2457 32 30 in
778 2457 142 39 primary
951 2457 63 31 and

3 2505 179 39 secondary
199 2505 101 31 forest
317 2505 53 31 for
387 2505 53 31 the
458 2505 88 31 three
564 2510 86 26 most
668 2515 156 21 common
843 2505 119 39 species
981 2505 38 31 of

2 2554 184 37 Maxomys:
205 2554 49 28 M.
273 2552 88 39 rajah
379 2552 52 39 (29
450 2552 177 39 specimens
644 2552 32 30 in
693 2552 142 39 primary
852 2552 100 31 forest
969 2562 44 20 vs.

2 2600 39 30 47
58 2599 32 30 in
107 2599 178 39 secondary
301 2599 124 38 forest);
443 2601 48 28 M.
509 2599 113 39 surifer
638 2599 132 39 (Miller,
791 2599 91 38 1900)
900 2599 49 39 (21
969 2609 44 20 vs.

2 2646 64 38 29);
81 2646 64 31 and
159 2648 48 28 M.
225 2646 184 31 whiteheadi
421 2646 51 39 (48
487 2656 44 20 vs.
547 2646 63 38 25).
626 2647 54 36 So,
694 2646 23 30 it
731 2656 137 29 appears
880 2646 71 31 that
964 2646 52 31 for

2 2704 93 29 every
126 2694 95 39 study
251 2694 172 39 providing
454 2704 18 21 a
502 2694 175 39 particular
706 2694 134 39 finding,
871 2694 89 31 there
990 2694 25 30 is

3 2741 138 31 another
157 2741 183 39 suggesting
357 2741 53 31 the
428 2741 160 39 opposite.
607 2741 67 31 The
691 2741 191 39 underlying
899 2751 116 21 reason

1065 1381 75 29 may
1158 1371 39 31 be
1215 1371 70 31 that
1303 1371 177 39 ecological
1498 1371 121 31 factors
1638 1371 93 31 other
1748 1371 80 31 than
1846 1371 93 31 those
1957 1371 120 31 related

1065 1423 34 26 to
1117 1418 141 39 logging,
1276 1418 52 31 for
1344 1418 144 31 instance
1505 1418 212 39 interspecific
1733 1418 225 39 competition,
1976 1418 101 31 deter-

1065 1465 85 31 mine
1167 1465 53 31 the
1237 1465 126 39 density
1380 1465 38 31 of
1431 1465 88 31 these
1535 1465 142 31 rodents.

1066 1607 108 31 Civets

1066 1702 108 31 Civets
1192 1702 213 39 (Viverridae)
1423 1702 86 31 form
1527 1712 18 21 a
1562 1702 122 31 diverse
1702 1712 114 29 group.
1836 1703 128 30 Borneo
1984 1702 94 31 alone

1065 1749 58 31 has
1145 1749 74 31 nine
1241 1749 120 39 species
1383 1749 120 39 (Payne
1525 1754 30 26 et
1577 1749 39 31 al.
1643 1749 102 38 1985).
1769 1750 97 30 Some
1887 1749 98 31 civets
2006 1749 71 31 feed

1066 1796 117 31 almost
1197 1796 190 39 exclusively
1402 1806 43 21 on
1459 1796 87 37 fruit,
1560 1796 161 39 generally
1734 1796 173 39 favouring
1921 1796 53 31 the
1988 1806 90 21 more

1066 1843 178 39 sugar-rich
1258 1843 63 31 and
1336 1843 201 39 soft-pulped
1552 1853 88 27 ones,
1655 1843 93 31 other
1761 1843 119 39 species
1893 1843 82 31 have
1988 1853 90 21 more

1065 1891 212 31 carnivorous
1293 1901 37 21 or
1343 1891 236 31 insectivorous
1593 1891 82 31 diets
1690 1890 123 40 (Colon
1832 1892 88 36 1999;
1936 1891 142 39 Heydon

1066 1938 63 31 and
1148 1938 118 31 Bulloh
1287 1939 89 36 1996;
1395 1938 206 31 Rabinowitz
1622 1938 102 38 1991).
1744 1939 36 29 In
1799 1938 119 37 Sabah,
1936 1938 142 39 Heydon

1066 1985 63 31 and
1150 1985 117 31 Bulloh
1287 1985 108 39 (1996)
1414 1985 155 31 recorded
1589 1995 18 21 a
1626 1985 134 31 marked
1779 1985 148 31 decrease
1946 1985 32 30 in
1997 1985 81 31 civet

1065 2032 126 39 density
1211 2032 33 30 in
1264 2032 116 39 logged
1401 2032 127 37 forests,
1550 2032 77 31 with
1647 2032 264 39 predominantly
1931 2032 146 31 carnivo-

1065 2089 77 21 rous
1165 2079 119 39 species
1307 2079 161 39 declining
1490 2089 90 21 more
1603 2079 79 31 than
1705 2079 200 39 fruit-eating
1929 2089 87 21 ones.
2042 2080 36 29 In

1065 2127 187 39 peninsular
1276 2127 173 39 Malaysia,
1475 2127 159 37 however,
1660 2127 103 31 Johns
1788 2127 109 39 (1983)
1922 2127 155 31 recorded

1065 2174 97 31 civets
1192 2184 34 21 as
1254 2174 96 39 being
1378 2174 172 39 extremely
1580 2184 105 21 scarce
1714 2174 32 30 in
1775 2174 162 39 unlogged
1966 2174 110 31 forest.

1066 2221 222 39 Immediately
1302 2221 81 31 after
1395 2221 131 39 logging
1539 2221 115 39 began,
1669 2221 120 31 several
1803 2221 181 31 additional
1997 2221 81 31 civet

1066 2268 119 39 species
1208 2268 118 31 moved
1349 2268 69 31 into
1442 2268 53 31 the
1519 2278 83 21 area.
1627 2268 30 30 A
1681 2268 121 31 similar
1823 2268 98 31 result
1943 2278 66 21 was
2032 2278 45 21 re-

1065 2316 115 39 ported
1209 2316 42 39 by
1279 2316 158 39 Syakirah
1464 2321 30 26 et
1523 2316 38 31 al.
1592 2316 119 39 (2000),
1740 2316 73 31 who
1841 2316 155 31 recorded
2025 2316 53 31 the

1066 2363 113 39 Malay
1194 2363 92 37 civet,
1308 2365 125 29 Viverra
1450 2363 201 39 tangalunga,
1668 2363 76 39 only
1759 2363 33 30 in
1807 2363 139 39 recently
1962 2363 115 39 logged

1065 2410 110 37 forest,
1193 2410 58 31 but
1267 2415 59 26 not
1342 2410 32 30 in
1391 2410 100 31 forest
1507 2410 206 39 regenerated
1732 2410 81 31 after
1829 2410 131 39 logging
1976 2410 32 30 in
2024 2410 54 31 the

1069 2458 104 36 1970s,
1200 2457 93 31 while
1319 2457 155 39 Stuebing
1501 2457 63 31 and
1592 2457 96 31 Gasis
1714 2457 109 39 (1989)
1849 2457 104 31 found
1981 2459 96 29 Para-

1065 2505 139 31 doxurus
1238 2505 272 39 hermaphroditus
1546 2505 128 39 (Pallas,
1711 2505 32 30 in
1780 2505 165 37 Schreber,
1986 2505 91 38 1777)

1065 2552 190 39 exclusively
1272 2552 32 30 in
1320 2552 185 39 plantation
1522 2562 90 21 areas
1629 2552 64 31 and
1710 2557 59 26 not
1785 2552 32 30 in
1834 2552 115 39 logged
1966 2552 110 31 forest.

1066 2600 36 29 In
1122 2609 18 21 a
1158 2600 111 38 2-year
1288 2599 105 39 study,
1413 2599 109 31 Colon
1542 2599 108 39 (1999)
1670 2599 32 30 in
1721 2604 145 26 contrast
1884 2599 104 31 found
2008 2599 70 31 that

1065 2646 151 31 densities
1237 2646 39 31 of
1298 2648 32 28 V.
1355 2646 190 39 tangalunga
1566 2656 81 21 were
1670 2647 77 30 57%
1771 2646 113 39 higher
1904 2646 32 30 in
1958 2656 41 21 an
2020 2656 57 21 un-

1065 2694 115 39 logged
1198 2694 57 31 site
1271 2694 79 31 than
1366 2694 32 30 in
1415 2704 18 21 a
1448 2694 116 39 logged
1582 2704 72 27 one;
1672 2694 79 37 also,
1767 2694 77 31 fruit
1860 2694 182 39 comprised
2060 2704 18 21 a

1065 2741 103 39 larger
1189 2741 196 39 proportion
1408 2741 39 31 of
1464 2741 54 31 the
1540 2741 65 31 diet
1627 2741 33 30 in
1682 2741 162 39 unlogged
1867 2741 101 31 forest
1990 2751 87 21 com-
