2082 2856
3 1 66 25 Ecol
83 2 54 24 Res

2 39 67 26 DOI
88 39 401 33 10.1007/s11284-007-0342-7

26 134 253 30 ORIGINAL
301 134 218 30 ARTICLE

2 340 36 30 E.
55 340 161 38 Meijaard
232 351 8 8 -
256 340 40 30 D.
314 340 86 30 Sheil

0 413 102 52 The
131 413 321 62 persistence
478 413 100 52 and
606 413 359 52 conservation
992 412 55 53 of
1072 413 249 52 Borneo’s
1348 413 269 52 mammals
1644 413 47 51 in
1721 413 210 52 lowland
1961 413 106 52 rain

0 489 196 53 forests
223 490 251 62 managed
501 489 82 53 for
604 490 202 52 timber:
834 490 375 63 observations,
1237 490 272 52 overviews
1534 490 100 52 and
1662 490 376 62 opportunities

3 784 141 26 Received:
164 785 29 25 12
207 785 61 32 July
281 785 87 33 2006/
382 784 147 33 Accepted:
548 785 29 25 18
592 785 152 25 December
757 785 70 26 2006

3 825 25 25 ©
42 824 57 25 The
113 824 156 32 Ecological
284 824 106 32 Society
405 823 33 26 of
447 824 89 32 Japan
549 824 69 26 2007

2 915 150 30 Abstract
184 914 157 31 Lowland
374 914 189 31 rainforests
596 924 43 21 on
672 915 129 30 Borneo
835 924 53 21 are
920 914 95 39 being

2 961 162 39 degraded
196 961 63 31 and
290 961 63 31 lost
383 966 32 26 at
446 971 41 21 an
517 961 158 39 alarming
704 966 77 26 rate.
814 961 127 31 Studies
972 971 43 21 on

2 1008 172 31 mammals
192 1013 110 34 report
321 1008 120 39 species
459 1008 198 39 responding
675 1008 33 30 in
726 1008 131 31 various
875 1018 87 29 ways
980 1013 34 26 to

2 1055 126 31 habitat
146 1055 140 39 changes
304 1055 70 31 that
393 1065 98 21 occur
508 1055 32 30 in
558 1055 206 31 commercial
782 1055 138 39 forestry
938 1065 76 21 con-

2 1102 151 31 cessions.
181 1103 85 30 Here
292 1112 46 21 we
364 1102 89 31 draw
479 1102 148 39 together
651 1102 215 31 information
893 1112 43 21 on
961 1102 54 31 the

2 1150 211 39 relationship
236 1150 144 31 between
403 1150 53 31 the
479 1150 186 39 ecological,
689 1150 237 39 evolutionary,
951 1150 63 31 and

2 1197 255 39 biogeographic
276 1197 253 31 characteristics
550 1197 39 31 of
606 1197 134 31 selected
762 1198 151 30 Bornean
933 1207 81 21 non-

2 1244 112 31 volant
132 1244 182 37 mammals,
334 1244 63 31 and
416 1244 82 31 their
515 1254 153 29 response
686 1249 34 26 to
739 1244 117 31 timber
873 1244 141 31 harvest-

2 1291 53 39 ing
70 1291 63 31 and
147 1291 120 31 related
282 1291 146 39 impacts.
444 1291 86 39 Only
544 1301 18 21 a
575 1291 154 39 minority
743 1291 38 31 of
791 1291 120 39 species
925 1291 90 31 show

2 1339 168 39 markedly
202 1339 138 31 reduced
374 1339 151 31 densities
558 1339 81 31 after
671 1339 117 31 timber
819 1339 194 39 harvesting.

2 1386 216 31 Nonetheless
245 1386 88 31 there
361 1396 52 21 are
440 1396 98 29 many
564 1386 145 39 grounds
736 1386 52 31 for
814 1396 139 21 concern
981 1396 34 21 as

2 1433 130 31 various
147 1443 165 29 processes
327 1443 71 27 can,
415 1433 64 31 and
496 1433 90 31 often
601 1433 54 37 do,
671 1433 116 31 reduce
802 1433 54 31 the
871 1433 144 39 viability

3 1480 38 31 of
57 1480 130 31 wildlife
208 1480 221 39 populations.
452 1481 70 30 Our
542 1480 114 31 review
677 1480 38 31 of
732 1480 86 31 what
839 1490 46 21 we
905 1480 109 37 know,

3 1528 63 31 and
84 1528 38 31 of
133 1533 128 26 current
276 1528 267 39 understanding,
559 1528 91 39 helps
665 1528 124 39 predict
803 1528 212 31 mammalian

2 1575 167 39 dynamics
193 1575 64 31 and
282 1575 197 39 subsequent
502 1575 310 31 mammal-induced
836 1580 180 34 ecosystem

2 1622 139 39 changes
160 1622 32 30 in
210 1622 116 39 logged
345 1622 126 31 forests.
490 1623 59 30 We
567 1622 135 39 identify
720 1632 121 29 groups
860 1622 39 31 of
913 1632 101 21 mam-

2 1669 65 31 mal
80 1669 120 39 species
212 1669 81 37 that,
307 1669 158 39 although
478 1669 118 39 largely
609 1669 185 37 unstudied,
808 1679 53 21 are
873 1669 142 39 unlikely

2 1722 34 26 to
56 1717 135 31 tolerate
211 1717 53 31 the
283 1717 138 39 impacts
441 1717 180 31 associated
641 1717 77 31 with
737 1717 117 31 timber
873 1717 141 31 harvest-

2 1764 63 39 ing.
84 1765 54 30 On
157 1774 18 21 a
192 1764 137 39 positive
347 1769 77 26 note
442 1774 46 21 we
506 1764 66 31 find
592 1764 64 31 and
675 1769 128 34 suggest
820 1774 99 29 many
936 1764 78 31 rela-

2 1811 95 39 tively
123 1811 113 39 simple
262 1811 63 31 and
351 1811 150 31 low-cost
526 1821 86 29 ways
637 1811 33 30 in
695 1811 104 31 which
824 1811 191 31 concession

2 1863 228 34 management
251 1858 156 39 practices
427 1858 103 39 might
551 1858 39 31 be
611 1858 154 31 modified
788 1868 36 21 so
846 1868 35 21 as
901 1863 34 26 to
957 1858 57 30 im-

2 1916 100 29 prove
120 1906 53 31 the
192 1906 93 31 value
304 1906 38 31 of
356 1906 160 39 managed
535 1906 117 31 forests
670 1906 52 31 for
739 1906 130 31 wildlife
887 1916 127 21 conser-

2 1953 121 31 vation.
147 1953 188 39 Improving
354 1953 101 31 forest
475 1958 228 34 management
724 1963 60 21 can
804 1953 75 39 play
876 1949 32 48 a
900 1953 115 31 vital

2 2000 67 31 role
94 2000 33 30 in
152 2000 214 39 maintaining
391 2000 53 31 the
470 2000 67 31 rich
562 2000 210 39 biodiversity
798 2000 38 31 of
858 2001 157 30 Borneo’s

2 2047 137 39 tropical
156 2047 69 31 rain
242 2047 125 31 forests.

3 2248 28 24 E.
47 2246 136 33 Meijaard
199 2246 60 33 (DX)

2 2286 57 25 The
73 2287 106 24 Nature
192 2286 202 32 Conservancy,
410 2287 65 24 East
489 2286 180 25 Kalimantan
682 2287 139 31 Program,

2 2324 78 26 Jalan
94 2324 137 26 Gamelan
245 2332 45 17 no.
305 2324 24 30 4,
345 2324 103 32 Komp.
464 2323 105 31 Prefab,

3 2362 84 26 75123
103 2361 170 31 Samarinda,
290 2363 64 24 East
368 2362 187 30 Kalimantan,
571 2361 147 26 Indonesia

3 2401 106 25 E-mail:
125 2400 290 33 emeijaard@tnc.org

2 2439 64 25 Tel.:
88 2439 247 26 +62-541-744070

3 2479 64 24 Fax:
88 2480 21 21 +
112 2478 222 26 62-542-418717

2 2555 35 24 D.
54 2554 71 26 Sheil

2 2593 100 26 Center
115 2592 44 26 for
172 2593 198 25 International
385 2594 127 31 Forestry
526 2593 144 30 Research,

2 2631 46 26 PO
63 2631 59 25 Box
136 2631 69 26 6596
218 2631 131 30 JKPWB,
365 2631 112 26 Jakarta
494 2631 91 30 10065,
601 2630 147 26 Indonesia

2 2709 35 24 D.
54 2708 71 26 Sheil

3 2747 95 24 Forest
113 2746 120 32 Ecology
247 2745 55 26 and
317 2747 95 24 Forest
426 2746 206 32 Management,

2 2785 186 32 Wageningen
204 2785 162 32 University,
381 2785 47 26 PO
443 2785 58 25 Box
515 2785 42 30 47,

3 2823 68 26 6700
85 2822 53 26 AA
151 2823 194 32 Wageningen,
361 2823 57 25 The
432 2822 183 26 Netherlands

1065 914 172 38 Keywords
1266 913 79 31 Asia
1363 926 5 5 -
1386 913 222 31 Certification
1626 926 5 5 -
1649 913 144 39 Ecology
1811 926 5 5 -
1847 913 200 31 Production

1065 961 137 39 forestry
1220 974 5 5 -
1243 961 204 31 Sustainable
1464 961 137 39 forestry
1619 974 5 5 -
1640 961 142 31 Wildlife
1799 961 228 31 conservation

1066 1115 215 33 Introduction

1065 1211 151 39 Tropical
1233 1211 189 31 rainforests
1440 1221 53 21 are
1510 1211 54 31 the
1581 1216 86 26 most
1686 1211 203 39 species-rich
1906 1211 172 31 terrestrial

1065 1263 195 34 ecosystems
1282 1268 43 21 on
1346 1258 101 37 earth,
1469 1258 59 31 but
1548 1258 88 31 these
1657 1258 117 31 forests
1795 1268 53 21 are
1869 1258 126 39 rapidly
2015 1258 62 31 dis-

1066 1306 176 39 appearing
1270 1316 34 21 as
1331 1306 76 31 land
1435 1306 26 30 is
1488 1306 124 31 cleared
1640 1306 53 31 for
1719 1306 126 37 timber,
1875 1306 202 39 agriculture,

1065 1353 238 39 development,
1335 1353 63 31 and
1429 1353 94 31 other
1551 1363 81 21 uses.
1665 1353 178 39 Biological
1872 1353 151 39 diversity
2053 1353 25 30 is

1065 1400 95 39 being
1174 1400 72 31 lost.
1263 1400 127 39 Strictly
1403 1400 167 39 protected
1586 1410 90 21 areas
1690 1400 32 30 in
1737 1400 197 31 Indonesian
1948 1401 129 30 Borneo

1065 1452 121 26 cannot
1219 1457 153 21 conserve
1405 1447 53 31 the
1491 1447 58 31 full
1582 1447 174 39 biological
1789 1447 151 39 diversity
1973 1447 104 31 found

1065 1495 112 31 within
1189 1495 88 31 these
1290 1495 137 39 tropical
1439 1495 117 31 forests
1569 1495 134 39 (Jepson
1716 1500 30 26 et
1759 1495 39 31 al.
1812 1495 106 38 2002).
1933 1495 67 31 The
2013 1495 65 31 fate

1066 1542 38 31 of
1123 1552 98 29 many
1245 1542 120 39 species
1388 1542 145 39 depends
1557 1552 43 21 on
1623 1542 87 31 what
1733 1542 147 39 happens
1903 1547 34 26 to
1962 1542 116 31 forests

1066 1589 127 31 outside
1210 1589 167 39 protected
1396 1599 99 21 areas.
1515 1589 148 37 Further,
1681 1594 107 26 recent
1805 1589 77 31 data
1900 1589 90 31 show
2008 1589 70 31 that

1065 1636 53 31 the
1134 1636 100 31 forest
1250 1646 96 21 cover
1361 1636 39 31 of
1412 1636 197 31 Indonesian
1626 1637 128 30 Borneo
1771 1636 25 30 is
1812 1636 160 39 declining
1988 1646 90 21 more

1065 1684 126 39 rapidly
1218 1684 112 31 within
1358 1684 167 39 protected
1554 1694 90 21 areas
1672 1684 80 31 than
1781 1684 126 31 outside
1937 1684 141 39 (Curran

1065 1736 30 26 et
1113 1731 38 31 al.
1169 1732 93 36 2004;
1281 1731 106 31 Fuller
1403 1736 30 26 et
1451 1731 38 31 al.
1508 1731 105 38 2003).

1119 1779 113 30 Forest
1260 1788 90 21 areas
1377 1778 78 31 used
1483 1778 52 31 for
1561 1778 291 39 environmentally
1879 1778 106 31 sound
2014 1778 63 31 and

1066 1825 200 39 sustainably
1279 1825 190 39 productive
1483 1835 72 21 uses
1568 1830 163 34 represent
1745 1835 41 21 an
1800 1825 214 39 opportunity
2027 1825 52 31 for

1065 1873 191 39 conserving
1277 1873 219 39 biodiversity.
1520 1873 170 39 Although
1712 1878 59 26 not
1793 1883 18 21 a
1834 1873 171 31 substitute
2027 1873 52 31 for

1065 1920 166 39 protected
1248 1930 100 27 areas,
1363 1930 98 29 many
1476 1920 120 39 species
1610 1920 97 31 could
1722 1920 39 31 be
1775 1920 176 31 conserved
1966 1920 112 31 within

1066 1977 18 21 a
1103 1967 100 31 forest
1223 1972 100 26 estate
1343 1967 70 31 that
1432 1967 26 30 is
1477 1967 154 39 carefully
1650 1967 160 39 managed
1831 1967 52 31 for
1902 1967 176 39 ecological

1066 2014 236 39 sustainability
1322 2014 190 39 (Frumhoff
1530 2014 102 38 1995).
1652 2014 193 31 Productive
1864 2014 214 39 exploitation

1066 2062 38 31 of
1126 2062 128 31 natural
1281 2062 116 31 forests
1425 2062 172 39 (hereafter
1622 2062 138 31 referred
1788 2067 34 26 to
1850 2072 34 21 as
1911 2062 166 39 ‘logging’)

1065 2109 161 39 generally
1245 2109 144 31 involves
1409 2119 90 21 some
1518 2114 180 34 ecosystem
1717 2109 236 37 modification,
1973 2109 105 31 which

1065 2166 60 21 can
1147 2156 123 39 change
1291 2156 54 31 the
1366 2156 83 31 local
1471 2156 82 31 flora
1575 2156 63 31 and
1660 2156 110 31 fauna.
1794 2157 170 36 However,
1987 2166 90 21 man-

1066 2208 148 34 agement
1235 2203 128 31 choices
1385 2203 64 31 and
1472 2203 204 39 operational
1698 2203 155 39 practices
1875 2213 60 21 can
1957 2203 121 39 greatly

1065 2250 157 31 influence
1240 2250 54 31 the
1311 2255 115 26 nature
1444 2250 64 31 and
1526 2250 114 39 degree
1659 2250 38 31 of
1711 2250 88 31 these
1816 2250 150 39 changes.
1986 2250 92 31 Since

1065 2303 86 26 most
1174 2298 137 39 tropical
1335 2298 116 31 forests
1476 2308 52 21 are
1552 2298 189 31 considered
1766 2298 116 39 poorly
1906 2298 171 39 managed,

1065 2350 58 26 not
1138 2345 67 39 just
1223 2345 52 31 for
1293 2345 209 39 biodiversity
1521 2345 228 31 conservation
1768 2345 59 31 but
1846 2345 68 31 also
1934 2345 52 31 for
2003 2355 74 29 pro-

1065 2392 128 31 ductive
1215 2392 215 39 exploitation
1454 2392 117 39 (Poore
1594 2397 31 26 et
1648 2392 39 31 al.
1716 2392 102 38 1989),
1842 2392 88 31 there
1953 2392 26 30 is
2001 2402 76 21 con-

1066 2439 157 31 siderable
1245 2449 96 21 room
1363 2439 52 31 for
1436 2439 238 39 improvement
1696 2439 143 39 (Hunter
1864 2440 88 36 1990;
1976 2439 102 31 Johns

1069 2488 88 36 1997;
1176 2487 84 31 Sheil
1278 2487 64 31 and
1359 2497 63 21 van
1438 2487 93 31 Heist
1548 2487 105 38 2000).

1118 2534 77 30 This
1216 2544 102 29 paper
1338 2534 26 30 is
1385 2534 100 31 based
1508 2544 43 21 on
1573 2534 53 31 the
1648 2534 137 39 premise
1807 2534 70 31 that
1900 2534 178 39 sustaining

1065 2581 174 39 biological
1258 2581 151 39 diversity
1428 2581 32 30 in
1479 2581 198 39 production
1696 2581 116 31 forests
1831 2581 142 39 requires
1992 2581 85 31 envi-

1065 2628 216 39 ronmentally
1299 2628 105 31 sound
1422 2633 229 34 management
1667 2628 156 39 practices
1840 2628 70 31 that
1927 2628 150 39 incorpo-

1065 2681 67 26 rate
1178 2676 156 31 available
1380 2676 153 31 scientific
1576 2676 191 39 knowledge
1812 2676 102 31 about
1959 2676 119 39 species

1065 2723 225 39 vulnerability
1306 2723 69 31 into
1392 2723 242 31 interventions.
1653 2723 181 39 Ecologists
1851 2723 90 31 often
1957 2723 121 31 choose

1065 2775 34 26 to
1124 2770 181 39 emphasise
1329 2770 74 31 how
1428 2770 78 31 little
1530 2770 25 30 is
1579 2770 122 31 known
1726 2770 102 31 about
1852 2770 136 39 tropical
2013 2770 64 31 for-

1065 2822 72 26 ests.
1162 2817 182 39 Obviously
1367 2827 90 21 more
1480 2817 146 31 research
1649 2817 26 30 is
1698 2817 133 37 needed,
1855 2817 59 31 but
1938 2817 82 31 ‘lack
2044 2817 38 31 of
