2079 2759
1 1 86 26 Johns
108 0 54 26 AD
185 1 91 32 (1992)
299 1 106 32 Species
426 1 193 25 conservation
640 1 27 25 in
688 0 135 33 managed
845 0 106 26 forests.
973 2 40 24 In:

54 39 153 25 Whitmore
221 39 55 30 TC,
294 39 81 32 Sayer
390 38 40 27 AJ
447 38 68 33 (eds)
531 39 128 32 Tropical
673 38 198 26 deforestation
886 38 54 26 and
957 47 57 24 spe-

54 78 53 25 cies
120 78 157 25 extinction.
292 78 148 32 Chapman
453 77 54 26 and
523 78 71 30 Hall,
611 77 126 31 London,
753 86 36 24 pp
808 78 81 26 15-53

1 116 86 26 Johns
99 115 54 26 AD
166 116 91 32 (1997)
269 116 110 25 Timber
390 115 167 33 production
568 115 55 26 and
635 115 176 33 biodiversity
823 116 192 25 conservation

54 154 28 25 in
94 154 115 32 tropical
221 153 167 26 rainforests.
402 153 167 33 Cambridge
583 154 155 32 University
750 155 84 29 Press,
848 153 167 33 Cambridge

1 193 86 26 Johns
100 192 63 31 AD,
178 193 127 32 Skorupa
318 193 36 26 JP
367 193 91 32 (1987)
473 194 156 31 Responses
643 192 33 26 of
685 192 145 26 rainforest
843 193 129 32 primates
985 197 29 21 to

54 231 106 25 habitat
174 230 182 26 disturbance:
371 239 16 17 a
401 231 104 25 review.
520 232 43 24 Int
577 231 13 26 J
605 231 101 25 Primat
721 231 145 26 8:157—-191

1 270 82 26 Jones
100 271 59 29 DT,
179 270 88 26 Susilo
286 271 56 29 FX,
362 270 102 32 Bignell
481 271 59 29 DE,
560 269 192 26 Hardiwinoto
771 270 24 30 S,
815 270 118 26 Gillison
950 269 63 31 AN,

55 308 133 32 Eggleton
198 309 20 24 P
230 308 91 32 (2003)
332 308 118 25 Termite
460 308 169 32 assemblage
639 308 120 32 collapse
769 308 83 32 along
862 316 16 17 a
889 307 126 26 land-use

54 346 211 25 intensification
279 345 124 33 gradient
417 346 27 25 in
458 345 119 26 lowland
591 346 102 25 central
708 346 135 30 Sumatra,
858 345 155 26 Indonesia.

54 385 13 26 J
81 384 75 33 Appl
170 385 66 25 Ecol
250 385 163 26 40:380-391

2 423 136 32 Kingston
149 424 22 24 T
184 423 90 32 (2004)
286 423 155 32 Malaysian
452 423 47 25 bat
511 423 196 25 conservation.
721 422 161 33 Expedition
894 423 119 32 briefing.

54 460 958 34 http://www.earthwatch.org/expeditions/kingston/kingston_04.pdf.

54 499 79 27 Cited
152 500 30 26 10
195 500 100 25 March
309 500 69 26 2004

2 537 119 26 Laidlaw
130 538 54 25 RK
193 538 89 32 (2000)
293 538 97 25 Effects
400 537 33 26 of
437 538 104 25 habitat
550 537 171 26 disturbance
729 537 54 26 and
793 537 137 33 protected
939 546 76 17 areas

55 585 37 17 on
102 577 143 25 mammals
255 577 28 25 in
293 577 154 32 peninsular
458 577 142 32 Malaysia.
613 577 121 26 Conserv
746 577 59 25 Biol
819 577 195 26 14:1639-1648

2 615 143 32 Langham
158 616 24 24 N
199 615 90 32 (1983)
303 615 186 25 Distribution
502 614 54 26 and
570 615 113 32 ecology
697 614 33 26 of
740 615 77 25 small
830 615 144 25 mammals
987 615 28 25 in

54 654 75 25 three
139 654 59 25 rain
210 653 84 26 forest
305 654 131 25 localities
448 653 32 26 of
488 654 144 25 Peninsula
643 654 138 32 Malaysia
792 654 65 25 with
868 654 147 32 particular

54 691 148 26 references
216 696 29 21 to
260 691 99 26 Kedah
373 692 80 25 Peak.
470 692 157 32 Biotropica
645 692 164 26 15:199-206

2 730 121 32 Lekagul
135 730 29 30 B,
178 730 136 32 McNeely
327 729 41 27 JA
381 730 91 32 (1977)
485 730 150 25 Mammals
648 729 33 26 of
689 729 143 26 Thailand.
847 730 168 32 Kurusapha

55 768 129 33 Ladproa
198 770 84 29 Press,
298 769 135 32 Bangkok

2 807 95 25 Linkie
116 807 41 30 M,
179 806 113 27 Sadikin
313 807 21 25 L
354 807 91 32 (2003)
465 807 57 25 The
542 806 118 26 bearded
681 807 45 32 pig
745 807 28 25 in
793 807 109 25 Kerinci
923 807 92 26 Seblat

55 845 132 25 National
201 845 78 30 Park,
296 845 134 26 Sumatra.
446 844 86 26 Asian
546 845 47 32 Pig
607 846 82 24 News
703 845 77 26 3:3-9

2 884 101 25 Loehle
119 884 23 26 C
160 884 91 32 (1988)
269 885 67 24 Tree
352 883 45 26 life
413 884 104 32 history
535 884 146 32 strategies:
699 884 45 25 the
761 884 57 25 role
835 883 32 26 of
880 883 133 26 defences.

54 922 61 26 Can
129 922 13 26 J
157 923 54 24 For
226 923 54 24 Res
297 922 163 26 18:209-222

1 961 112 25 Marcot
128 961 58 30 BG,
201 961 129 26 Gullison
345 962 56 29 RE,
418 961 143 25 Barborak
575 961 41 26 JR
631 961 91 32 (2001)
737 961 57 25 The
808 961 92 25 effects
915 960 33 26 of
958 961 56 32 log-

54 999 63 32 ging
136 1007 37 17 on
191 999 116 32 tropical
326 998 84 26 forest
429 999 151 32 ungulates.
600 1000 39 24 In:
661 999 104 25 Fimbel
785 998 60 31 RA,
865 998 96 33 Grajal
979 998 34 31 A,

55 1037 146 25 Robinson
222 1037 43 26 JG
286 1036 69 33 (eds)
377 1037 57 25 The
454 1037 104 32 cutting
579 1036 74 33 edge:
676 1037 161 32 conserving
857 1036 110 26 wildlife
987 1037 28 25 in

54 1075 97 33 logged
166 1076 115 32 tropical
295 1075 92 26 forest.
403 1076 148 26 Columbia
567 1076 154 32 University
735 1077 84 29 Press,
836 1077 67 24 New
918 1076 77 25 York

1 1114 98 25 Marsh
117 1114 66 30 CW,
203 1114 87 26 Johns
308 1113 62 31 AD,
390 1113 86 33 Ayres
494 1114 48 26 JM
562 1114 91 32 (1987)
673 1114 99 25 Effects
791 1113 33 26 of
837 1114 107 25 habitat
962 1113 52 26 dis-

54 1152 132 25 turbance
202 1160 36 17 on
253 1152 59 25 rain
328 1151 84 26 forest
427 1152 137 32 primates.
581 1153 40 24 In:
638 1152 98 25 Marsh
751 1152 67 30 CW,
835 1152 180 25 Mittermeier

55 1190 52 26 RA
121 1190 68 33 (eds)
203 1191 118 25 Primate
333 1191 192 25 conservation
538 1191 27 25 in
578 1191 45 25 the
636 1191 115 32 tropical
764 1191 59 25 rain
835 1190 92 26 forest.
942 1190 73 26 Alan

55 1230 32 24 R.
104 1229 65 30 Liss,
186 1230 68 24 New
268 1229 85 30 York,
369 1237 36 24 pp
421 1229 103 26 83-107

1 1268 104 25 Mason
120 1268 50 30 DJ,
187 1269 67 24 Putz
270 1269 44 24 FE
330 1268 91 32 (2001)
438 1267 141 33 Reducing
594 1268 46 25 the
654 1268 116 32 impacts
786 1267 32 26 of
829 1268 116 32 tropical
960 1267 54 26 for-

54 1310 71 28 estry
142 1314 36 17 on
194 1305 117 26 wildlife.
329 1307 39 24 In:
387 1306 105 25 Fimbel
509 1307 32 29 R,
559 1305 96 33 Grajal
671 1305 33 31 A,
723 1306 146 25 Robinson
885 1306 43 26 JG
945 1305 69 33 (eds)

54 1344 57 25 The
126 1344 104 32 cutting
245 1343 74 33 edge:
336 1344 160 32 conserving
511 1343 110 26 wildlife
635 1344 28 25 in
677 1343 98 33 logged
790 1344 116 32 tropical
921 1343 92 26 forest.

54 1383 149 26 Columbia
218 1383 155 32 University
387 1384 84 29 Press,
487 1384 68 24 New
569 1383 85 30 York,
670 1391 37 24 pp
721 1383 122 26 473-509

1 1421 211 32 Matsubayashi
227 1422 34 29 H,
278 1421 63 25 Bosi
356 1422 29 29 E,
401 1421 155 25 Kohshima
571 1421 16 26 S
602 1421 91 32 (2003)
707 1420 120 33 Activity
840 1420 54 26 and
909 1421 106 25 habitat

54 1468 47 17 use
128 1459 33 26 of
183 1460 80 25 lesser
290 1459 172 26 mouse-deer
489 1460 141 32 (Tragulus
651 1460 158 32 javanicus).
838 1460 13 26 J
878 1460 137 25 Mammal

55 1498 166 26 84:234-242

1 1535 136 33 Meijaard
161 1537 21 24 E
206 1536 91 32 (1996)
320 1536 58 25 The
401 1536 146 26 Sumatran
570 1536 158 25 rhinoceros
752 1536 199 32 (Dicerorhinus
972 1545 42 16 su-

54 1575 150 32 matrensis)
223 1575 27 25 in
269 1575 187 30 Kalimantan,
476 1574 155 26 Indonesia:
650 1575 34 25 its
701 1575 120 32 possible
839 1574 176 26 distribution

54 1612 54 26 and
123 1613 192 25 conservation
328 1617 149 28 prospects.
493 1612 169 33 Pachyderm
675 1613 130 26 21:17—23

1 1651 136 33 Meijaard
150 1653 21 24 E
183 1652 91 32 (1999)
287 1651 251 33 Human-imposed
550 1652 102 25 threats
663 1656 29 21 to
705 1660 50 17 sun
767 1652 78 25 bears
856 1652 28 25 in
896 1652 117 25 Borneo.

56 1691 86 25 Ursus
160 1690 162 26 11:185-192

1 1727 136 33 Meijaard
155 1729 21 24 E
194 1728 90 32 (2001)
302 1728 202 26 Conservation
521 1727 54 26 and
592 1727 77 26 trade
687 1727 32 26 of
733 1736 50 17 sun
799 1728 79 25 bears
894 1728 28 25 in
939 1728 74 25 Kali-

54 1771 122 21 mantan.
195 1768 39 24 In:
253 1767 172 25 Williamson
442 1768 27 24 D
488 1766 55 33 (ed)
561 1766 180 33 Proceedings
759 1766 33 26 of
805 1767 46 25 the
869 1766 47 27 3rd
934 1767 79 25 inter-

54 1805 124 25 national
192 1805 170 32 symposium
376 1813 37 17 on
426 1805 46 25 the
485 1804 77 26 trade
575 1805 28 25 in
616 1805 65 25 bear
695 1809 82 28 parts,
793 1805 86 25 26-28
893 1805 122 26 October

58 1843 73 30 1999,
148 1843 89 30 Seoul,
252 1851 36 24 pp
303 1843 86 26 26-37

1 1881 136 33 Meijaard
155 1883 21 24 E
194 1882 108 32 (2003a)
321 1883 103 29 Forest,
442 1882 59 32 pigs
517 1881 55 26 and
589 1882 105 32 people.
713 1881 26 26 A
755 1882 65 32 plan
836 1881 44 26 for
896 1882 45 25 the
959 1890 55 17 sus-

54 1920 120 25 tainable
184 1924 192 28 management
388 1919 33 26 of
427 1919 119 26 bearded
558 1920 45 32 pig
614 1920 178 32 populations
802 1920 28 25 in
841 1919 54 26 and
907 1919 107 26 around

54 1959 45 25 the
114 1959 100 32 Kayan
227 1959 167 32 Mentarang
409 1959 132 25 National
555 1959 79 30 Park,
650 1960 65 24 East
729 1959 187 30 Kalimantan,
932 1958 82 26 Indo-

54 1997 82 25 nesia.
159 1996 191 33 Unpublished
370 2001 92 28 report
482 1996 43 26 for
545 1996 260 26 WWF-Indonesia.
826 1996 188 26 WWF-Indo-

54 2035 82 30 nesia,
152 2035 112 26 Jakarta

1 2073 136 33 Meijaard
153 2075 21 24 E
189 2074 111 32 (2003b)
316 2074 111 32 Solving
442 2074 178 25 mammalian
634 2073 107 26 riddles.
758 2073 26 26 A
797 2074 218 25 reconstruction

55 2111 33 26 of
100 2112 45 25 the
161 2112 122 32 Tertiary
299 2111 55 26 and
371 2112 173 32 Quaternary
560 2111 176 26 distribution
754 2111 32 26 of
798 2112 145 25 mammals
960 2111 54 26 and

54 2150 69 25 their
149 2150 304 32 palaeoenvironments
480 2150 27 25 in
534 2149 87 26 island
650 2150 166 26 South-East
843 2149 74 26 Asia.
946 2150 68 25 PhD

54 2189 102 30 Thesis,
175 2190 182 31 Department
375 2188 33 26 of
421 2188 214 33 Anthropology
652 2188 55 26 and
725 2188 200 33 Archaeology,
944 2188 70 26 Aus-

54 2227 98 25 tralian
175 2227 133 25 National
331 2227 163 32 University,
518 2227 149 30 Canberra,
691 2226 147 26 Australia.
862 2227 152 33 http://the-

55 2265 908 34 sis.anu.edu.au/public/adt-ANU20050924.221423/index.html

1 2303 136 33 Meijaard
151 2305 21 24 E
186 2304 90 32 (2004)
290 2304 57 25 The
360 2304 213 32 biogeographic
586 2304 104 32 history
703 2303 33 26 of
744 2304 46 25 the
802 2304 87 26 Javan
901 2303 113 33 leopard

54 2343 134 26 Panthera
204 2343 100 33 pardus
323 2342 83 26 based
427 2351 37 17 on
482 2351 16 17 a
517 2343 190 25 craniometric
726 2343 125 32 analysis.
872 2343 13 26 J
905 2343 110 25 Mamm

55 2381 167 26 85:302-310

1 2418 136 33 Meijaard
153 2420 28 29 E,
197 2419 108 26 Groves
319 2419 45 26 CP
379 2419 91 32 (2004)
485 2418 26 26 A
525 2419 159 25 taxonomic
698 2419 117 25 revision
830 2418 33 26 of
873 2419 45 25 the
935 2420 79 31 Trag-

54 2458 57 26 ulus
125 2457 172 26 mouse-deer
311 2457 221 33 (Artiodactyla).
548 2458 70 25 Zool
632 2458 13 26 J
660 2458 70 25 Linn
745 2458 52 26 Soc
814 2458 163 26 140:63-102

1 2495 136 33 Meijaard
150 2497 28 29 E,
192 2496 71 26 Sheil
274 2497 35 29 D,
322 2496 135 25 Marshall
468 2495 63 31 AG,
544 2496 67 25 Nasi
624 2497 25 24 R
660 2496 91 32 (2007)
763 2496 192 32 Phylogenetic
965 2504 50 24 age

54 2534 22 25 is
97 2534 143 32 positively
261 2533 149 26 correlated
432 2534 65 25 with
519 2534 148 32 sensitivity
688 2538 29 21 to
739 2534 98 25 timber
858 2534 108 25 harvest
987 2534 28 25 in

55 2573 127 25 Bornean
195 2573 153 25 mammals.
364 2573 158 32 Biotropica
537 2573 38 32 (in
588 2573 107 32 review)

1 2610 136 33 Meijaard
155 2612 28 29 E,
202 2611 71 26 Sheil
289 2612 35 29 D,
343 2611 179 25 Rosenbaum
539 2611 28 30 B,
585 2610 134 26 Iskandar
734 2612 36 29 D,
787 2610 101 33 Augeri
905 2612 35 29 D,
959 2611 55 26 Set-

54 2650 98 32 yawati
164 2651 30 29 T,
207 2650 173 25 Duckworth
392 2650 41 30 W,
448 2650 187 25 Lammertink
646 2650 57 30 MJ,
718 2650 183 25 Rachmatika
913 2651 19 29 I,
947 2650 67 25 Nasi

55 2689 32 29 R,
106 2688 90 32 Wong
213 2687 33 31 A,
265 2688 173 26 Soehartono
455 2689 30 29 T,
505 2688 109 32 Stanley
631 2688 25 30 S,
674 2688 117 26 O’Brien
808 2689 22 24 T
847 2688 91 32 (2005)
957 2687 58 26 Life

54 2725 69 26 after
137 2726 118 32 logging:
271 2726 164 32 reconciling
449 2725 109 26 wildlife
572 2726 193 25 conservation
779 2725 54 26 and
848 2725 167 33 production

1117 0 116 33 forestry
1248 1 28 25 in
1291 0 167 26 Indonesian
1475 1 117 25 Borneo.
1609 1 124 30 CIFOR,
1750 1 78 26 WCS
1844 0 55 26 and
1917 1 159 30 UNESCO,

1118 39 94 32 Bogor,
1224 38 146 26 Indonesia.
1381 38 697 34 http://www.cifor.cgiar.org/publications/pdf_files/

1117 77 442 34 books/BMeijaard0501E0.pdf

1064 116 129 32 Ministry
1205 115 33 26 of
1246 117 127 31 Forestry
1385 116 91 32 (1990)
1488 115 53 26 Act
1553 115 33 26 of
1593 116 45 25 the
1650 116 134 32 Republic
1796 115 33 26 of
1836 115 147 26 Indonesia
1995 117 54 24 No.
2063 117 14 25 5

1118 153 33 26 of
1167 154 65 26 1990
1248 154 165 32 concerning
1429 154 193 25 conservation
1639 153 32 26 of
1684 154 82 32 living
1782 162 139 17 resources
1937 153 55 26 and
2009 154 69 25 their

1117 197 172 28 ecosystems.
1304 193 130 32 Ministry
1448 192 33 26 of
1492 194 126 31 Forestry
1633 192 32 26 of
1675 193 46 25 the
1735 193 134 32 Republic
1883 192 33 26 of
1926 192 147 26 Indonesia

1064 231 125 25 Mitchell
1205 230 55 26 AH
1278 231 91 32 (1994)
1388 231 121 32 Ecology
1527 230 33 26 of
1574 231 98 25 Hose’s
1689 231 104 32 langur,
1812 231 122 33 Prebytis
1951 231 80 30 hosei,
2050 231 28 25 in

1117 269 89 26 mixed
1218 269 98 33 logged
1328 269 54 26 and
1395 269 136 33 unlogged
1544 269 173 33 dipterocarp
1729 269 85 26 forest
1825 270 28 25 in
1864 270 83 25 north
1959 270 117 25 Borneo.

1117 308 68 25 PhD
1199 308 102 30 Thesis,
1317 308 68 25 Yale
1400 308 163 32 University,
1579 309 68 24 New
1661 309 98 24 Haven

1064 345 272 33 Morrogh-Bernard
1351 347 34 29 H,
1402 347 113 24 Husson
1529 346 25 30 S,
1569 347 71 31 Page
1655 346 48 30 SE,
1720 346 92 32 Rieley
1826 346 41 26 JO
1882 346 91 32 (2003)
1987 347 90 31 Popu-

1117 385 86 25 lation
1220 389 86 21 status
1323 384 33 26 of
1368 385 46 25 the
1431 385 127 25 Bornean
1575 389 166 28 orang-utan
1759 385 103 32 (Pongo
1875 385 158 33 pygmaeus)
2050 385 28 25 in

1117 423 45 25 the
1181 423 145 32 Sebangau
1343 427 63 28 peat
1425 431 102 24 swamp
1546 422 92 31 forest,
1658 423 112 26 Central
1789 423 186 30 Kalimantan,
1995 422 82 26 Indo-

1117 461 82 25 nesia.
1216 461 60 25 Biol
1289 461 77 26 Cons
1383 461 181 26 110:141—-152

1065 501 44 31 Ng
1125 500 63 26 FSP
1203 500 91 32 (1986)
1310 500 128 32 Tropical
1454 499 132 33 sapwood
1602 504 76 21 trees.
1696 500 144 25 Naturalia
1855 500 86 25 Mons
1957 500 62 26 Coll
2034 501 44 24 Int

1117 537 88 26 Arbre
1223 538 162 25 1986:61—97

1065 578 126 24 Nomura
1208 578 21 24 F
1245 577 91 32 (2003)
1354 577 131 26 Seasonal
1500 576 92 26 trends
1609 576 33 26 of
1653 577 107 25 habitat
1775 585 83 24 usage
1874 577 27 25 in
1917 581 54 21 two
1988 577 90 25 ursine

1118 615 108 32 species,
1245 623 16 17 a
1278 614 162 26 destructive
1457 615 77 25 beast
1555 616 80 25 Ursus
1652 620 89 21 arctos
1755 617 136 31 yesoensis
1908 614 54 26 and
1980 623 35 17 an
2032 623 45 24 ag-

1117 654 129 25 ricutural
1271 658 59 28 pest
1355 654 143 26 Helarctos
1523 654 163 33 malayanus.
1712 654 69 25 PhD
1806 654 102 30 Thesis,
1934 653 144 27 Graduate

1118 692 101 26 School
1231 691 32 26 of
1272 692 224 25 Environmental
1508 692 84 25 Earth
1604 692 116 30 Science,
1733 692 127 25 Division
1872 691 33 26 of
1913 692 163 30 Bioscience,

1118 730 172 32 Laboratory
1305 729 33 26 of
1350 730 224 25 Environmental
1588 729 139 26 Medicine
1741 729 55 26 and
1811 729 182 31 Informatics,
2011 730 65 26 Uni-

1117 769 98 32 versity
1230 768 32 26 of
1273 768 160 31 Hokkaido,
1449 768 151 26 Hokkaido

1065 807 109 25 Nowak
1185 807 59 25 RM
1257 807 90 32 (1999)
1359 807 133 25 Walker’s
1503 807 144 25 mammals
1659 806 32 26 of
1698 807 45 25 the
1754 806 94 31 world,
1861 807 47 25 6th
1918 806 61 26 edn.
1991 807 87 26 Johns

1118 845 128 32 Hopkins
1262 845 154 32 University
1430 846 84 29 Press,
1531 845 148 25 Baltimore

1064 884 117 26 O’Brien
1199 884 59 30 TG,
1279 883 135 26 Kinnaird
1433 884 65 30 MF,
1518 883 157 26 Dierenfeld
1695 884 49 30 ES,
1764 884 235 26 Conklinbrittain
2018 884 58 30 NL,

1117 922 169 32 Wrangham
1300 922 67 30 RW,
1383 922 84 26 Silver
1481 922 41 26 SC
1537 922 91 32 (1998)
1642 922 106 25 What’s
1763 930 29 17 so
1807 922 99 32 special
1919 922 86 25 about
2019 922 57 32 figs.

1118 962 105 24 Nature
1237 961 113 26 392:668

1064 999 100 26 Owens
1177 1000 65 29 IPF,
1258 999 115 25 Bennett
1387 999 53 25 PM
1456 999 91 32 (2000)
1562 999 156 32 Ecological
1731 999 73 25 basis
1818 998 33 26 of
1860 999 149 25 extinction
2023 999 55 25 risk

1117 1037 28 25 in
1157 1036 82 26 birds:
1254 1037 106 25 habitat
1373 1037 55 25 loss
1441 1045 92 17 versus
1546 1037 104 25 human
1662 1037 173 32 persecution
1847 1036 55 26 and
1915 1036 162 26 introduced

1117 1075 151 33 predators.
1283 1077 69 24 Proc
1367 1077 56 24 Nat
1436 1075 78 26 Acad
1529 1076 42 26 Sci
1587 1075 73 27 USA
1673 1076 238 25 97:12144-12148

1064 1113 179 26 Padmanaba
1263 1114 41 30 M,
1327 1114 71 26 Sheil
1418 1115 27 24 D
1467 1114 91 32 (2007)
1580 1113 117 33 Finding
1717 1113 54 26 and
1792 1114 159 32 promoting
1949 1109 28 42 a
2007 1114 71 25 local

1117 1152 192 25 conservation
1324 1160 149 17 consensus
1488 1152 28 25 in
1531 1160 16 17 a
1562 1152 119 32 globally
1697 1152 151 32 important
1863 1152 115 32 tropical
1993 1151 85 26 forest

1117 1190 155 33 landscape.
1288 1190 69 26 Biod
1372 1191 84 26 Cons.
1471 1191 68 26 DOI
1557 1191 403 33 10.1007/s10531-006-9009-x

1064 1230 90 31 Payne
1180 1229 13 26 J
1220 1229 91 32 (1990)
1338 1229 95 32 Rarity
1459 1228 54 26 and
1539 1229 163 25 extinctions
1728 1228 33 26 of
1782 1229 73 32 large
1880 1229 145 25 mammals
2050 1229 28 25 in

1117 1268 157 32 Malaysian
1291 1267 166 26 rainforests.
1476 1269 39 24 In:
1535 1268 119 32 Kheong
1672 1268 52 30 YS,
1742 1268 63 25 Win
1823 1268 40 26 LS
1881 1267 69 33 (eds)
1968 1269 32 24 In
2017 1268 60 25 har-

1117 1314 84 24 mony
1213 1306 65 25 with
1290 1310 104 21 nature.
1407 1305 180 33 Proceedings
1600 1305 33 26 of
1641 1306 45 25 the
1698 1306 198 25 International
1907 1305 171 27 Conference

1118 1352 37 17 on
1168 1344 127 32 Tropical
1310 1343 187 33 Biodiversity,
1513 1344 92 25 Kuala
1619 1344 131 32 Lumpur,
1765 1352 37 24 pp
1817 1344 122 26 310-320

1064 1384 90 31 Payne
1175 1383 21 30 J,
1220 1383 110 25 Francis
1351 1383 66 30 CM,
1440 1383 131 32 Phillipps
1592 1383 27 25 K
1640 1383 91 32 (1985)
1752 1382 26 26 A
1798 1382 62 26 field
1882 1382 80 33 guide
1982 1387 29 21 to
2032 1383 46 25 the

1117 1421 145 25 mammals
1276 1420 33 26 of
1320 1421 116 25 Borneo.
1452 1421 57 25 The
1523 1421 92 26 Sabah
1630 1421 114 32 Society,
1761 1421 75 25 Kota
1851 1421 140 25 Kinabalu

1064 1459 99 26 Pinard
1177 1459 69 31 MA,
1261 1461 67 24 Putz
1342 1461 45 24 FE
1401 1460 91 32 (1996)
1507 1460 146 32 Retaining
1667 1459 84 26 forest
1765 1460 121 25 biomass
1899 1460 36 32 by
1949 1459 129 33 reducing

1117 1498 110 32 logging
1240 1497 124 33 damage.
1381 1498 157 32 Biotropica
1552 1498 167 26 28:278-295

1064 1535 99 26 Pinard
1178 1535 69 31 MA,
1264 1536 101 25 Barker
1380 1536 70 30 MG,
1466 1537 57 31 Tay
1538 1536 13 26 J
1567 1536 91 32 (2000)
1674 1536 56 26 Soil
1745 1535 174 26 disturbance
1933 1535 55 26 and
2003 1540 74 28 post-

1117 1575 110 32 logging
1240 1574 84 26 forest
1337 1583 128 24 recovery
1479 1583 36 17 on
1528 1574 141 26 bulldozer
1681 1575 81 32 paths
1775 1575 28 25 in
1817 1575 99 30 Sabah,
1931 1575 145 32 Malaysia.

1118 1614 54 24 For
1187 1613 65 25 Ecol
1266 1613 106 32 Manag
1390 1613 180 26 130:213—225

1064 1652 139 32 Plumptre
1222 1651 33 31 A,
1277 1652 86 26 Johns
1382 1651 26 26 A
1428 1652 91 32 (2001)
1539 1652 58 25 The
1616 1652 92 25 effects
1728 1651 33 26 of
1776 1652 110 32 logging
1906 1660 37 17 on
1962 1652 116 32 tropical

1117 1689 84 26 forest
1218 1690 151 32 ungulates.
1388 1691 39 24 In:
1446 1690 105 25 Fimbel
1568 1691 33 29 R,
1619 1689 96 33 Grajal
1732 1689 33 31 A,
1785 1690 146 25 Robinson
1947 1690 44 26 JG
2008 1689 69 33 (eds)

1117 1728 57 25 The
1189 1728 104 32 cutting
1308 1727 74 33 edge:
1399 1728 160 32 conserving
1574 1727 110 26 wildlife
1698 1728 28 25 in
1740 1727 98 33 logged
1853 1728 116 32 tropical
1984 1727 92 26 forest.

1117 1767 149 26 Columbia
1281 1767 155 32 University
1450 1768 84 29 Press,
1550 1768 68 24 New
1632 1767 78 25 York

1064 1806 88 24 Poore
1165 1806 36 29 D,
1217 1805 115 32 Burgess
1345 1806 27 29 P,
1388 1805 105 25 Palmer
1506 1805 22 30 J,
1544 1805 164 32 Reitbergen
1722 1805 24 30 S,
1763 1805 113 32 Syncott
1889 1806 22 24 T
1925 1805 91 32 (1989)
2032 1806 45 24 No

1117 1843 98 25 timber
1241 1843 116 25 without
1384 1847 76 21 trees:
1490 1843 198 32 sustainability
1715 1843 28 25 in
1770 1843 45 25 the
1841 1843 116 32 tropical
1984 1842 92 26 forest.

1118 1882 158 30 Earthscan,
1292 1881 120 26 London

1064 1921 67 24 Putz
1143 1921 52 29 FE,
1209 1920 72 26 Sirot
1293 1920 58 30 LK,
1364 1919 99 26 Pinard
1475 1919 61 26 MA
1548 1920 91 32 (2001)
1651 1920 128 32 Tropical
1790 1919 84 26 forest
1886 1924 192 28 management

1117 1958 54 26 and
1187 1958 117 26 wildlife.
1322 1959 181 26 Silvicultural
1518 1959 92 25 effects
1626 1967 36 17 on
1677 1958 85 26 forest
1778 1963 140 26 structure,
1935 1958 65 26 fruit
2015 1967 62 24 pro-

1117 1996 121 31 duction,
1255 1996 55 26 and
1326 1997 172 25 locomotion
1514 1996 32 26 of
1557 1997 126 25 arboreal
1698 1997 123 25 animals.
1838 1998 40 24 In:
1896 1997 104 25 Fimbel
2016 1996 60 31 RA,

1117 2034 96 33 Grajal
1234 2034 33 31 A,
1292 2035 146 25 Robinson
1459 2035 44 26 JG
1524 2034 69 33 (eds)
1616 2035 57 25 The
1694 2035 104 32 cutting
1819 2034 75 33 edge:
1917 2035 161 32 conserving

1117 2073 109 26 wildlife
1244 2074 28 25 in
1289 2073 98 33 logged
1405 2074 116 32 tropical
1539 2073 92 26 forest.
1651 2074 149 26 Columbia
1819 2074 155 32 University
1992 2075 84 29 Press,

1118 2113 68 24 New
1200 2112 85 30 York,
1301 2120 36 24 pp
1356 2112 83 26 11-34

1065 2150 173 25 Rabinowitz
1258 2149 53 26 AR
1331 2150 91 32 (1991)
1443 2150 155 25 Behaviour
1617 2149 55 26 and
1692 2154 170 21 movements
1883 2149 32 26 of
1932 2150 146 32 sympatric

1117 2189 68 25 civet
1197 2189 100 32 species
1307 2189 28 25 in
1346 2189 72 25 Huai
1430 2189 64 25 Kha
1506 2189 116 32 Khaeng
1632 2188 119 26 Wildlife
1762 2189 158 32 Sanctuary,
1933 2188 143 26 Thailand.

1117 2227 13 26 J
1144 2227 71 25 Zool
1229 2227 184 26 223:281—298

1065 2265 112 33 Riyksen
1191 2267 55 24 HD
1260 2266 91 32 (1978)
1364 2265 26 26 A
1402 2265 62 26 field
1478 2265 80 33 study
1572 2274 36 17 on
1622 2266 146 26 Sumatran
1781 2274 86 24 orang
1880 2270 80 21 utans
1974 2266 104 32 (Pongo

1114 2313 147 24 pygmaeus
1275 2304 79 26 abelii
1368 2304 103 25 Lesson
1489 2304 85 32 1827).
1591 2304 129 32 Ecology,
1736 2304 151 25 behaviour
1901 2303 54 26 and
1970 2312 107 17 conser-

1117 2343 102 25 vation.
1243 2344 105 24 Nature
1369 2343 202 26 Conservation
1592 2344 190 31 Department,
1804 2342 184 33 Agricultural
2011 2343 65 26 Uni-

1117 2381 98 32 versity
1229 2381 194 32 Wageningen,
1438 2381 186 32 Wageningen

1065 2419 146 25 Robinson
1222 2419 51 30 JG,
1287 2418 119 26 Bodmer
1418 2420 49 24 RE
1479 2419 91 32 (1999)
1583 2418 132 26 Towards
1726 2418 109 26 wildlife
1847 2423 192 28 management
2050 2419 28 25 in

1117 2458 116 32 tropical
1246 2457 106 26 forests.
1367 2458 13 26 J
1395 2457 82 26 Wild]
1490 2458 106 32 Manag
1611 2458 112 26 63:1-13

1065 2496 146 25 Robinson
1223 2496 51 30 JG,
1290 2495 123 26 Redford
1428 2496 63 30 KH,
1507 2496 115 25 Bennett
1635 2496 45 25 EL
1694 2496 90 32 (1999)
1798 2495 119 26 Wildlife
1929 2496 108 25 harvest
2050 2496 28 25 in

1117 2533 97 33 logged
1229 2534 115 32 tropical
1358 2533 106 26 forests.
1480 2534 108 26 Science
1602 2534 186 26 284:595-596

1065 2573 71 26 Sheil
1151 2574 35 29 D,
1204 2573 123 25 Burslem
1342 2574 27 24 D
1385 2573 91 32 (2003)
1492 2573 162 32 Disturbing
1670 2573 164 32 hypotheses
1849 2573 28 25 in
1892 2573 116 32 tropical
2023 2572 54 26 for-

1117 2615 61 21 ests.
1193 2610 104 26 Trends
1312 2611 66 25 Ecol
1392 2611 68 25 Evol
1478 2611 128 25 18:18—-26

1065 2650 71 26 Sheil
1152 2651 35 29 D,
1204 2649 136 33 Meijaard
1358 2651 21 24 E
1395 2650 91 32 (2005)
1504 2650 114 32 Seeking
1634 2649 45 26 life
1694 2649 69 26 after
1779 2650 117 32 logging:
1914 2650 164 32 reconciling

1117 2687 109 26 wildlife
1248 2688 192 25 conservation
1461 2687 54 26 and
1537 2687 167 33 production
1725 2687 116 33 forestry
1862 2688 28 25 in
1911 2687 167 26 Indonesian

1118 2726 117 25 Borneo.
1250 2727 74 31 Trop
1339 2727 55 24 For
1409 2725 111 33 Update
1537 2726 127 26 15:12-15
